4230 5670
802 494 867 567 nn
896 492 1079 567 sucus.
1136 490 1249 567 nou.
1277 493 1322 566 11.
1777 494 1851 599 sse

831 683 1292 780 Demon'stretio.

453 886 485 978 §.
518 887 578 956 55.
634 883 743 957 Binae
787 882 971 957 fractiones
1015 884 1148 974 priores
1190 884 1369 975 inventae,
1424 882 1476 956 obw
1507 883 1611 955 D-
1629 882 1654 953 d
1673 912 1719 945 =
1742 924 1793 935 —
1811 904 1851 974 c,

268 1037 351 1111 dant
394 1035 596 1118 fractionem
641 1076 692 1088 -
711 1006 812 1147 ff),
883 1056 971 1126 quae
1016 1055 1092 1108 cum
1147 1036 1253 1108 tertia
1305 1032 1488 1128 conjuncta
1540 1035 1700 1126 producit
1743 1003 1852 1146 ὦ,

268 1215 323 1287 cui
376 1219 502 1305 quarta
554 1211 678 1287 fractio
727 1213 851 1309 juncta
903 1212 963 1287 dat
1007 1254 1055 1265 —
1076 1181 1186 1326 ἆ-ΒᾸΟ-Β,
1244 1234 1332 1304 quae
1378 1212 1438 1308 [oh
1490 1214 1582 1286 cl=
1603 1212 1651 1307 A]
1707 1233 1728 1284 a
1781 1218 1851 1285 ter·

267 1366 358 1439 mino
385 1365 507 1462 ultimo
533 1365 670 1456 penitus
697 1352 901 1439 destruitur.

320 1590 325 1600 ·
423 1559 483 1654 05.
550 1563 623 1634 56.¹
712 1558 787 1653 Ope
867 1561 1082 1654 superiorum
1161 1561 1411 1634 theorematum
1491 1580 1606 1632 omnes
1686 1556 1853 1633 formulae

269 1681 458 1777 integrales
502 1685 720 1778 implicatae,
787 1685 831 1758 ad
876 1706 961 1777 quas
1014 1686 1201 1777 integratio
1254 1686 1494 1776 aequationum
1549 1685 1718 1757 linearum
1772 1704 1851 1774 per-

268 1809 395 1883 ducere
448 1808 555 1902 solet,
632 1807 733 1883 facile
785 1809 913 1882 resolvi
966 1816 1139 1902 poterunt.
1222 1809 1429 1883 Pervenitur
1482 1814 1597 1883 autem
1650 1809 1852 1901 plerumque

268 1935 312 2007 ad
339 1934 428 2008 tales
453 1931 601 2007 formas:
1834 1943 1842 1959 '

476 2101 827 2214 Z=llalem
872 2099 1313 2213 Z=llrllnlxlm

477 2242 1014 2358 zss-Joslorlothop
1058 2241 1757 2355 z=JuJosJorJquxapeu

269 2451 327 2524 ubi
378 2450 517 2524 litterae
564 2472 613 2541 p,
658 2471 697 2540 q,
743 2472 784 2540 r,
827 2470 866 2539 a,
911 2454 945 2538 l,
991 2453 1058 2521 etc.
1113 2454 1194 2521 eunt
1247 2446 1439 2521 functiones
1493 2449 1594 2521 datae
1646 2448 1755 2538 ipsius
1807 2470 1850 2541 a,

264 2580 301 2645 at
353 2595 436 2646 vero
488 2573 521 2645 X
575 2570 705 2645 iunctio
758 2592 981 2662 quaecunque
1034 2571 1143 2662 ipsius
1195 2593 1246 2681 a3.
1320 2577 1423 2664 atque
1476 2572 1533 2644 hic
1586 2577 1662 2645 tota
1718 2573 1849 2646 resolu-

264 2699 314 2770 tio
358 2698 409 2770 ita
452 2697 586 2770 institui
631 2696 754 2788 debet,
809 2702 848 2769 ut
893 2696 927 2769 in
973 2696 1120 2788 singulis
1164 2697 1325 2770 membris
1368 2694 1499 2770 iunctio
1544 2698 1629 2770 haec
1673 2697 1853 2770 indefinita

264 2820 297 2894 X
352 2821 489 2896 unicum
544 2825 679 2893 tantum
734 2820 867 2912 signum
922 2820 1092 2912 integrale
1145 2821 1271 2893 habeat
1324 2819 1533 2912 praefixum:
1601 2821 1667 2895 hoc
1720 2822 1851 2915 igitur,

266 2966 332 3037 ope
386 2945 601 3037 superiorum
628 2945 927 3038 theorematum,
999 2942 1099 3017 facile
1143 2945 1313 3036 praestari
1358 2945 1507 3037 poterit,
1574 2945 1604 3018 si
1649 2945 1748 3018 modo
1801 2945 1850 3019 ibi

265 3071 339 3143 loco
402 3070 563 3142 elementi
621 3062 667 3160 (lp
719 3067 910 3141 scribamus
964 3061 1063 3160 hilp,
1145 3089 1212 3160 quo
1267 3069 1446 3143 observato
1508 3069 1666 3163 singulae
1728 3070 1850 3143 reduc·

265 3196 377 3269 hones
403 3193 559 3285 sequenti
586 3194 686 3266 modo
713 3213 750 3266 se
775 3191 964 3266 habebunt.

859 3441 887 3511 1.
943 3438 1259 3513 Resolutio

716 3597 1009 3673 formulae
1062 3599 1397 3693 integralis

930 3748 1183 3861 lhlxb·

450 3936 482 4029 ἓ.
540 3939 601 4009 57.
684 3934 721 4009 Si
784 3937 857 4010 loco
918 3929 965 4029 (lp
1028 3938 1216 4011 scmhamns
1277 3929 1358 4029 xop
1420 3939 1596 4015 theorema
1662 3941 1850 4016 secundum

264 4059 295 4152 §-
325 4063 387 4132 46.
417 4060 515 4132 nobis
541 4061 742 4152 suppeditat
768 4061 858 4134 hanc
885 4063 1145 4153 aequationem:

471 4226 1451 4346 lXirJoo-lxop.toq÷toqlxop=o,

262 4415 361 4507 cnjus
423 4420 633 4505 postremum
697 4416 889 4489 membrum
952 4424 1006 4490 est
1067 4419 1143 4510 ipsa
1205 4425 1325 4492 nostra
1386 4417 1497 4493 forma
1549 4421 1744 4495 reducenda
1796 4420 1847 4514 Z,
1908 4526 1917 4542 .

264 4543 514 4631 consequenter
540 4540 706 4613 resolutio
733 4542 851 4614 statim
878 4540 938 4615 dat

320 4723 1156 4932 vokmstllthh-lxlrlla,
