4230 5670
810 489 1203 569 SUPPLEMENTUM
1256 491 1301 563 II.

933 704 1184 779 Solutio.

448 883 482 978 ᾗ.
540 886 574 955 6.
654 882 853 955 Formulam
909 879 1014 958 Δ-ι-
1041 873 1091 952 c'*
1136 879 1200 953 sub
1261 880 1326 952 hac
1387 877 1497 952 forma
1555 880 1853 969 repraesentemus

263 1008 291 1089 Δ
320 1030 368 1079 -ι-
397 1002 440 1081 o'
469 1048 517 1061 -
545 1000 601 1100 (o”
626 1049 679 1060 —
704 998 779 1098 ff),
817 1026 907 1098 quae
932 1005 1111 1078 reducitur
1137 1005 1182 1077 ad
1208 1006 1296 1077 hanc

473 1210 514 1305 (n
536 1236 581 1282 ψ
602 1203 656 1303 a)
673 1177 713 1338 (1
739 1250 787 1263 -
807 1175 978 1338 Γ),

266 1416 384 1506 sicque
410 1412 559 1489 formula
585 1414 768 1506 integralis
794 1414 972 1506 proposita
999 1414 1066 1485 erit

475 1550 1241 1728 (n÷ar)²Ja”⁸·¹.ca(1-“J-{3)¹.

266 1789 315 1863 st
340 1786 434 1862 facta
460 1789 656 1862 evolutione
679 1795 733 1860 est
853 1749 854 1752 Ν
1035 1769 1038 1774 ’

265 2213 355 2285 quac
407 2212 492 2283 ergo
545 2194 651 2264 series
703 2192 808 2266 ducta
863 2192 898 2262 in
942 2180 1056 2262 om'¹
1077 2183 1123 2268 oc
1175 2191 1226 2262 ita
1278 2189 1449 2280 integrari
1503 2189 1625 2282 debet,
1679 2197 1720 2262 nt
1763 2190 1853 2262 inte-

264 2315 362 2408 grale
406 2316 449 2389 ab
492 2337 517 2388 a
546 2347 593 2380 =
624 2319 649 2389 0
694 2317 739 2390 ad
782 2340 807 2389 a
835 2338 937 2388 :a
981 2315 1204 2387 extendatur..
1254 2312 1344 2386 Hinc
1379 2320 1477 2405 patet
1521 2320 1633 2388 totum
1677 2315 1854 2407 negotium

263 2440 383 2513 reduci
444 2440 488 2512 ad
549 2441 638 2513 hanc
701 2441 967 2533 integrationem
1017 2429 1169 2542 jam-¹
1189 2431 1235 2516 oc
1262 2430 1317 2531 (o'⁶
1342 2480 1394 2492 -
1421 2427 1513 2531 Ν,
1595 2439 1694 2532 cujus
1756 2439 1855 2511 valor

264 2609 346 2661 casu
393 2610 460 2681 quo
505 2589 600 2661 t:
631 2595 655 2663 0
709 2587 891 2663 manifesto
934 2595 989 2663 est
1034 2553 1086 2698 ς
1115 2620 1162 2652 =
1191 2553 1264 2700 “fm-
1321 2588 1412 2664 Casu
1456 2608 1539 2661 uero
1589 2562 1658 2679 quo
1702 2587 1798 2660 d:
1831 2593 1848 2661 l

264 2739 333 2809 erit

473 2853 1313 3001 [xm-'da(o“-a”)=ffl—}m—ff‚

263 3118 325 3209 qui
378 3117 494 3208 valor,
566 3117 677 3207 posito
728 3139 753 3188 a
782 3147 829 3179 =
858 3140 901 3208 a,
973 3118 1089 3189 evadit
1131 3103 1294 3245 ,ᾗῇ-η)
1321 3110 1460 3192 ΨΜ.
1542 3120 1596 3191 Ac
1649 3138 1732 3193 casu
1784 3139 1853 3210 quo

264 3267 507 3339 0==2effi

1461 3655 1571 3707 ”An
1717 3676 1832 3715 ηψπ

264 3700 352 3771 quae
407 3676 584 3770 expressio
637 3682 749 3782 posito
802 3701 827 3753 a
854 3712 901 3744 =
930 3704 954 3753 o
1007 3681 1082 3754 abit
1135 3683 1171 3753 in
1224 3685 1313 3756 hanc
1354 3756 1381 3794 m
1399 3740 1518 3811 (Μ)
1535 3742 1614 3812 (ma—
1648 3758 1669 3795 a

265 3829 376 3902 Simili
404 3828 504 3903 modo
531 3830 662 3903 calculo
690 3831 860 3904 subducto
886 3833 1081 3923 reperietur

473 4005 624 4116 Imm*
643 4010 691 4094 Μ
708 4008 763 4109 (an
781 4057 832 4070 “““
848 4007 918 4108 Ν
937 4047 985 4079 ²
1005 4088 1032 4127 m
1049 3988 1493 4145 (ma-oipssluifqmaesa)
1509 4007 1663 4091 amena·

266 4217 319 4291 Ne
372 4223 488 4291 autem
543 4219 601 4292 hic
654 4220 844 4294 inductioni
889 4223 1034 4294 nimium
1078 4222 1294 4316 tribuamus,
1348 4224 1437 4296 hanc
1483 4223 1757 4315 progressionem
1802 4244 1856 4297 se·
1928 4289 1934 4299 .

266 4344 385 4434 quenti
412 4343 514 4416 modo
540 4345 735 4418 accuratius
762 4345 1084 4419 demonstrabimus.

451 4573 483 4667 ξ.
540 4578 576 4647 7.
658 4550 829 4648 Ponamus
892 4574 1061 4649 formulae
1120 4566 1220 4677 Μ’*
1238 4567 1303 4607 ”“’
1331 4570 1379 4654 aa
1404 4569 1459 4669 (αἰ
1487 4618 1536 4629 -
1563 4565 1635 4669 o”)⁰
1700 4578 1854 4652 valorem

261 4696 334 4788 jam
389 4716 464 4770 esse
519 4698 696 4770 inventum
744 4729 791 4761 =
821 4697 874 4789 V,
929 4700 1077 4791 hincque
1123 4719 1330 4790 quaeramus
1373 4701 1527 4774 valorem
1579 4700 1747 4775 formulae
1800 4723 1854 4775 se·
