4230 5670
825 498 889 572 AD
916 496 1070 572 FINEM
1096 497 1208 573 TOM.
1236 498 1299 573 III.

411 718 414 721 ’
510 710 786 802 Explicatio
829 713 983 803 partis
1027 713 1203 786 tertiae
1235 714 1292 786 'iu
1335 713 1617 788 variatione.

452 887 484 983 ξ.
514 891 576 962 45.
632 888 731 980 Quod
758 890 801 964 ad
828 891 965 964 tertiam
992 896 1127 982 partem
1153 891 1354 966 variationis
1381 894 1528 983 attinet,
1574 893 1709 967 scilicet

477 1075 1149 1247 vtem—eea)

266 1351 308 1406 ea
361 1334 472 1407 locum
525 1354 593 1407 non
638 1334 763 1428 habet,
831 1337 897 1408 nisi
942 1337 1117 1428 expressio
1170 1337 1199 1409 Z
1253 1339 1358 1411 etiam
1411 1337 1655 1412 differentialis
1709 1339 1852 1414 secundi

265 1458 395 1549 gradm
440 1458 612 1553 involvat,
684 1459 776 1551 quod
820 1460 958 1551 quidem
1010 1461 1184 1533 rarissime
1237 1483 1303 1534 usu
1346 1464 1466 1536 venire
1505 1465 1603 1538 solet.
1678 1462 1745 1537 Hic
1788 1486 1850 1539 au-

193 1614 195 1618 ‘
264 1615 334 1684 tem
398 1610 648 1685 observandum
702 1618 776 1703 est,
858 1614 1018 1703 quoniam
1071 1614 1138 1707 Mo
1167 1644 1214 1676 =
1242 1605 1280 1692 dt
1306 1580 1379 1742 (ἐξ)
1431 1613 1504 1687 fore
1566 1635 1630 1707 pro
1692 1616 1852 1710 sequenti

264 1762 448 1849 elemento¹

475 1952 536 2003 aa
558 1961 605 1996 =
627 1897 752 2063 adq)
770 1954 819 2002 ÷
839 1922 922 2010 uox
938 1897 1039 2062 (ἕξ-ἕ)

1010 1990 1059 2045 ,2

266 2117 356 2191 uude
384 2117 557 2210 colligitur

265 2564 331 2638 hac
392 2569 508 2637 autem
571 2561 719 2637 formula
781 2565 987 2656 exprimitur
1049 2565 1232 2643 declinatio
1294 2565 1492 2639 directionis
1556 2589 1607 2659 po
1665 2586 1687 2638 a
1740 2564 1850 2639 direc-

265 2690 358 2763 tione
404 2689 498 2781 Mm,
566 2709 654 2779 quae
707 2689 866 2783 quidem,
934 2696 973 2761 ut
1012 2690 1085 2783 jam
1139 2698 1220 2763 ante
1273 2691 1550 2783 observavimus,
1618 2709 1753 2781 semper
1797 2696 1850 2764 est

266 2836 369 2906 quam
397 2814 549 2886 minima.

451 3026 484 3122 ᾗ.
540 3031 603 3100 46.
686 3023 815 3114 Quodsi
868 3046 952 3117 ergo
1004 3031 1148 3116 tangens
1203 3027 1239 3098 in
1293 3050 1318 3119 μ
1370 3023 1523 3117 perfecte
1576 3022 1682 3099 fuerit
1735 3025 1850 3116 parul-

265 3153 335 3225 lela
387 3152 543 3245 tangenti
595 3152 631 3223 iu
673 3149 734 3244 M,
797 3150 887 3242 quod
941 3151 1077 3243 evenit,
1141 3152 1171 3224 si
1226 3151 1331 3225 etism
1386 3151 1422 3222 in
1475 3171 1580 3222 curva
1633 3150 1849 3241 generatrico

262 3276 346 3369 BN,
418 3281 562 3368 tangens
606 3276 651 3348 ad
703 3275 735 3348 N
789 3275 870 3347 huic
922 3275 1027 3348 fuerit
1070 3276 1257 3367 parallela,
1329 3281 1405 3348 tum
1447 3275 1592 3347 variatio
1646 3295 1689 3347 ex
1741 3275 1847 3347 tertia

262 3408 363 3492 parte
416 3400 560 3473 oriunda
612 3419 753 3490 prorsus
797 3400 987 3490 evanescit,
1052 3400 1143 3491 quod
1187 3401 1292 3472 etiam
1345 3400 1388 3472 de
1440 3400 1587 3472 termino
1640 3399 1766 3472 initiali
1809 3399 1844 3472 A

266 3535 319 3599 est
354 3523 638 3617 intelligendum,
692 3525 722 3596 si
757 3529 938 3617 tangentes
978 3526 1013 3596 in
1048 3524 1082 3595 A
1117 3531 1154 3597 et
1189 3524 1219 3597 B
1258 3526 1351 3597 iuter
1390 3545 1427 3596 se
1467 3524 1599 3598 inerint
1637 3524 1848 3616 parallelae:

264 3658 368 3742 atque
411 3651 492 3723 hvnc
533 3649 605 3741 Jam
649 3648 879 3740 perspicitur,
934 3653 975 3720 ut
1019 3649 1227 3721 variationes
1271 3668 1314 3720 cx
1357 3653 1482 3739 quarta
1526 3655 1627 3740 parte
1681 3647 1845 3721 oriundae

262 3781 487 3868 evanescant,
542 3794 680 3847 necesse
724 3793 818 3863 esse,
873 3778 914 3844 ut
957 3779 1137 3863 praeterea
1180 3773 1285 3846 etiam
1340 3773 1428 3846 radii
1481 3772 1589 3846 osculi
1633 3774 1669 3846 iu
1713 3771 1849 3864 punctis

262 3894 303 3974 Μ
329 3906 366 3973 et
388 3910 417 3992 'p
443 3898 527 3973 fiant
553 3898 727 3990 aequales.

449 4111 481 4207 ξ.
529 4116 591 4186 47.
672 4112 787 4203 Atque
838 4130 883 4185 ex
936 4111 992 4184 his
1041 4109 1114 4203 iam
1167 4112 1252 4184 satis
1304 4111 1526 4204 perspicuum
1578 4115 1651 4205 eat,
1733 4109 1849 4183 varia·
1989 4102 1993 4109 ’

262 4238 374 4311 tiones
439 4257 482 4310 ex
548 4235 697 4310 secunda
757 4239 858 4326 parte
920 4235 1081 4308 oriundas
1143 4255 1368 4329 evanescere,
1448 4236 1479 4310 ai
1542 4255 1659 4309 omnes
1722 4253 1849 4308 curvae

262 4361 439 4452 proximae
492 4384 543 4453 cp
595 4379 659 4450 per
719 4363 905 4453 utrumque
968 4361 1154 4432 terminum
1211 4361 1251 4433 M
1305 4367 1341 4434 et
1391 4361 1426 4434 A
1478 4361 1658 4435 ducantur.
1739 4358 1848 4432 Dein-

262 4486 305 4560 de
359 4505 441 4558 vero
496 4486 636 4576 insuper
689 4485 793 4557 etiam
852 4485 1061 4557 variationes
1123 4485 1250 4558 tertiae
1301 4486 1432 4579 partis,
1514 4485 1545 4557 si
1598 4503 1714 4557 omnes
1767 4503 1848 4556 cur·

261 4630 323 4682 vae
367 4609 544 4703 proximae
589 4608 691 4681 simul
734 4610 771 4681 in
816 4614 964 4701 utroque
1008 4609 1156 4682 termino
1199 4608 1234 4681 A
1278 4613 1315 4681 ot
1359 4608 1400 4682 M
1444 4630 1523 4682 cum
1568 4629 1678 4682 curva
1719 4607 1848 4700 priuci-

261 4735 332 4826 pali
385 4733 458 4808 AM
512 4753 710 4807 communes
757 4733 890 4812 ,habeat
941 4739 1133 4825 tangentes.
1215 4733 1402 4807 Praeterea
1453 4753 1535 4807 vero
1589 4753 1723 4824 quoque
1786 4753 1847 4805 va-
