4230 5670
786 515 851 587 AD
877 515 1031 589 FINEM
1060 515 1172 591 TOM.
1202 517 1264 589 lII.

231 750 327 800 more
354 729 453 801 solito

442 953 665 1052 dr=rdr3
713 954 931 1053 dr=ndr3
978 953 1193 1053 ‹tq-:rom
1239 965 1306 1034 etc·

229 1213 270 1263 ao
315 1192 402 1266 tales
448 1193 686 1284 expressiones
740 1198 843 1265 erunt
895 1191 1087 1266 lunationes
1140 1191 1368 1283 quantitatum
1422 1213 1466 1283 a,
1509 1213 1553 1284 y,
1594 1213 1640 1284 p,
1685 1213 1726 1284 q,
1773 1215 1812 1283 r,

232 1322 299 1389 etc.
368 1316 521 1389 Tertium
575 1317 722 1408 denique
776 1338 885 1408 genus
939 1316 1105 1410 ejusmodi
1158 1317 1392 1407 expressiones
1444 1317 1597 1388 continet
1648 1317 1684 1387 in
1738 1318 1813 1408 qui·

231 1442 295 1513 bus
361 1445 542 1535 praeterea
608 1441 776 1515 formulae
842 1441 1030 1532 integrales
1096 1441 1340 1533 involvuntur,
1419 1461 1581 1532 quorsum
1641 1443 1814 1532 pertinent

230 1568 467 1658 expressiones
519 1567 601 1639 illae
654 1568 689 1639 in
743 1567 878 1640 calculo
932 1566 1158 1640 variationum
1202 1566 1371 1658 imprimis
1416 1565 1671 1656 consideratae,
1727 1587 1815 1656 quae

230 1690 295 1763 hac
348 1688 458 1764 forma
511 1697 592 1763 sunt
644 1695 923 1783 repraesentatae
973 1681 1132 1792 JVda,
1215 1689 1276 1762 ubi
1329 1689 1363 1761 V
1416 1695 1470 1762 est
1523 1686 1654 1763 iunctio
1707 1711 1813 1782 quae·

233 1836 367 1906 cunque
406 1837 473 1888 non
512 1818 623 1889 solum
664 1817 816 1908 ipsarum
857 1837 881 1887 a
915 1822 952 1888 et
985 1839 1029 1906 q3
1084 1814 1143 1888 sod
1183 1815 1287 1887 etiam
1328 1816 1557 1906 quantitatum
1596 1837 1641 1907 p,
1686 1838 1727 1907 q,
1773 1837 1813 1919 r,

230 1945 321 2034 eta,
402 1942 485 2031 quin
546 1942 650 2015 etiam
712 1962 754 2015 ea
816 1941 902 2014 alias
962 1941 1104 2031 insuper
1165 1937 1330 2013 formulas
1391 1939 1578 2032 integrales
1640 1940 1814 2014 involvere

101 2079 103 2082 ’
230 2068 354 2155 potest.

417 2400 449 2494 ᾖ.
508 2403 542 2474 3.
624 2401 689 2474 His
760 2402 855 2475 circa
924 2410 1024 2476 terna
1093 2403 1291 2497 hujusmodi
1360 2404 1616 2495 expressionum
1688 2424 1816 2496 genera

231 2525 449 2619 constitutis,
532 2524 670 2599 facilius
722 2526 874 2599 indolem
927 2527 1049 2599 calculi
1103 2529 1331 2601 variationum
1386 2529 1561 2620 explicare
1613 2530 1813 2619 poterimus.

230 2650 355 2722 Totum
417 2650 507 2722 enim
571 2651 745 2744 negotium
799 2652 866 2723 buc
919 2651 1032 2744 redit,
1112 2656 1153 2724 ut
1204 2654 1234 2724 si
1286 2654 1461 2743 proposita
1523 2650 1630 2725 tuerit
1691 2652 1815 2724 relatio

231 2794 453 2865 quaecunque
505 2777 597 2847 inter
650 2796 675 2846 1
718 2782 754 2849 et
798 2799 842 2868 y,
915 2796 1023 2866 eaque
1076 2777 1329 2867 aliquantillum
1384 2777 1560 2866 varietur,
1626 2786 1691 2849 seu
1740 2777 1815 2869 ejus

230 2899 304 2971 loeo
349 2898 418 2970 alia
463 2899 642 2990 quaepiam
687 2900 811 2973 relatio
855 2900 946 2972 inter
989 2921 1014 2971 11
1053 2907 1090 2972 et
1127 2925 1151 2993 y
1194 2901 1238 2973 ab
1281 2901 1342 2973 illa
1385 2899 1518 2975 infinite
1561 2921 1684 2992 parum
1728 2921 1814 2992 quo·

232 3022 467 3113 modocunque
538 3024 736 3116 discrepans
806 3024 1029 3116 adhibeatur,
1120 3025 1321 3116 investigari
1393 3031 1571 3118 oporteat,
1653 3031 1813 3116 quantam

232 3149 455 3219 mutationem
509 3168 627 3221 omnes
678 3149 761 3221 illae
814 3150 1071 3243 expressiones,
1130 3156 1201 3221 tam
1255 3150 1375 3244 primi,
1430 3170 1532 3242 qnam
1586 3148 1727 3222 secundi
1778 3155 1815 3222 et
1857 3140 1864 3155 “

231 3273 328 3345 tertii
378 3274 516 3363 generis
561 3273 631 3345 sint
674 3273 874 3368 subiturae,
929 3274 972 3348 ad
1018 3274 1108 3366 quod
1153 3275 1392 3349 inveniendum
1438 3275 1472 3346 in
1516 3274 1647 3348 calculo
1699 3275 1814 3347 varia·

191 3379 194 3390 ’
231 3397 365 3470 tionum
419 3399 536 3488 pronti
589 3397 747 3489 equidem
801 3418 880 3469 eum
933 3399 1014 3471 olim
1059 3398 1229 3489 tractavi,
1284 3404 1425 3491 praeter
1467 3397 1694 3472 differentiale
1746 3391 1813 3490 dp,

151 3541 153 3545 ’
231 3541 299 3612 quo
344 3523 519 3614 quantitas
560 3546 585 3613 y
628 3528 776 3613 augetur
821 3522 901 3595 dum
945 3544 969 3593 a
1012 3524 1048 3594 in
1091 3544 1191 3594 1-1-
1220 3515 1267 3601 da
1310 3523 1404 3615 abit,
1459 3523 1527 3615 ipsi
1566 3523 1751 3615 quantitati
1790 3545 1814 3614 y

232 3646 327 3719 aliud
379 3649 625 3720 incrementum
681 3646 723 3738 by
767 3646 954 3740 tribuitur,
1013 3648 1151 3740 penitus
1194 3647 1240 3720 ab
1294 3647 1438 3720 arbitrio
1491 3654 1609 3721 nostro
1662 3647 1814 3740 pendens

232 3791 344 3862 neque
397 3790 460 3861 per
502 3792 526 3842 a
571 3770 857 3860 determinatum,
931 3772 987 3844 oui
1032 3773 1242 3844 incremento
1296 3771 1497 3845 variationis
1548 3792 1670 3844 nomen
1723 3771 1813 3844 indi·

232 3896 369 3987 deram,
424 3900 530 3987 atque
574 3895 771 3968 methodum
816 3916 1059 3988 exposueram,
1119 3896 1327 3970 variationes
1370 3897 1449 3970 inde
1493 3898 1529 3969 in
1573 3897 1710 3989 singula
1754 3917 1812 3969 ex·

231 4021 445 4112 pressionem
472 4040 600 4113 genera
626 4020 855 4094 redundantes
881 4021 1091 4097 inveniendi.

419 4395 450 4486 ξ.
511 4398 545 4467 4.
629 4393 822 4467 Videbatur
875 4393 982 4484 igitur
1043 4394 1196 4467 cuculus
1257 4394 1481 4468 variationum
1543 4395 1680 4466 omnino
1742 4393 1812 4467 sin·

231 4519 355 4609 gulare
408 4519 531 4592 calculi
585 4539 694 4610 genus
738 4519 970 4610 constituere,
1024 4538 1143 4590 verum
1193 4524 1374 4610 postquam
1428 4517 1504 4610 ejus
1552 4518 1701 4592 indolem
1754 4538 1812 4592 aa·

232 4644 388 4716 curatius
440 4664 551 4716 essem
594 4647 854 4736 perscrutatus,
921 4643 1118 4716 universum
1163 4645 1254 4717 buno
1307 4643 1480 4717 caleulum
1532 4645 1690 4735 perspexi
1745 4643 1813 4715 leri

233 4767 327 4842 laeta
370 4768 607 4840 immutatione
658 4768 703 4842 ad
735 4767 935 4841 ‘secundam
988 4775 1124 4860 partem
1177 4769 1302 4842 calculi
1346 4765 1546 4862 intagralis,
1600 4768 1699 4861 cujus
1742 4768 1814 4841 ele-
