4230 5670
627 432 630 438 ’
778 478 854 549 «Αυ
884 475 996 548 rou.
1026 477 1053 548 1.
1112 474 1214 548 cnr.
1244 475 1305 546 nv.

462 695 1593 842 ve··a‹1-o=,ee,re-u‹1-a-a

252 944 422 1034 siquidem
459 949 644 1037 utrumque
680 941 850 1032 integrale
886 941 1051 1013 avalone
1077 961 1102 1011 o
1122 944 1215 1012 =0
1243 961 1352 1031 usque
1379 938 1422 1011 ad
1449 946 1582 1011 o=l
1613 939 1840 1028 extendatur3

254 1089 357 1159 qnam
395 1068 615 1159 integralium
651 1064 971 1139 determinationem
1008 1064 1294 1156 insequentibus
1328 1065 1455 1154 ubique
1491 1064 1704 1154 subintelligi
1740 1084 1840 1153 opor·
1912 1042 1915 1047 ¹

253 1198 315 1264 tet.
371 1192 506 1265 Deinde
544 1193 648 1264 etiam
684 1195 852 1281 perpetuo
888 1195 942 1262 est
967 1189 1171 1279 tenendum,
1227 1191 1435 1278 quantitates
1460 1188 1540 1278 fet
1566 1210 1590 1280 g
1617 1208 1691 1260 esse
1719 1188 1840 1279 positi·

252 1290 334 1408 vas',
389 1318 516 1408 quippe
545 1336 648 1407 quam
675 1313 904 1388 conditionem
936 1314 1181 1386 demonstratio
1208 1313 1314 1385 allata
1340 1313 1496 1384 absolute
1523 1311 1684 1401 postulat.
1742 1311 1841 1400 Quod

254 1448 371 1516 antem
407 1442 451 1515 ad
487 1461 667 1513 numerum
703 1461 728 1509 o
764 1439 910 1530 attinet,
966 1445 1135 1528 quatenus
1171 1458 1211 1509 eo
1247 1439 1348 1509 index
1384 1437 1550 1530 cujusque
1585 1438 1723 1510 termini
1759 1458 1840 1534 pro-

254 1568 443 1659 gressionis
469 1567 514 1661 (ἓ.
547 1565 597 1657 3.)
624 1564 846 1654 designatur,
884 1563 971 1635 nihil
998 1563 1160 1655 impedit,
1199 1564 1381 1652 quominus
1408 1583 1448 1634 eo
1475 1564 1611 1635 numeri
1645 1562 1840 1655 quicunque

252 1693 325 1765 sive
368 1692 510 1782 positivi
554 1690 627 1762 sive
673 1688 825 1778 negativi
869 1687 1095 1778 denotentur,
1150 1686 1421 1777 quandoquidem
1467 1689 1543 1779 ejus
1592 1688 1842 1778 progressionis

252 1836 368 1890 omnes
412 1815 552 1887 termini
596 1814 701 1886 etiam
747 1812 916 1884 indicibus
961 1813 1131 1904 negativis
1176 1813 1421 1902 respondentes
1466 1832 1528 1904 per
1569 1810 1750 1884 formulam
1786 1813 1838 1883 in-

252 1942 422 2033 tegralem
467 1941 583 2014 datam
628 1937 783 2010 exhiberi
820 1943 1012 2010 censentur.
1068 1936 1210 2009 Interim
1247 1941 1361 2009 tamen
1398 1937 1505 2027 probe
1545 1937 1728 2010 tenendum
1764 1941 1838 2029 est,

213 2081 216 2085 ’
254 2065 342 2140 hauc
369 2065 607 2139 reductionem

460 2261 1586 2407 ideo-el=f·;”‘-t,lv'·'u‹1—el·¹

251 2529 316 2582 non
345 2529 420 2581 esse
446 2509 585 2581 veritati
614 2512 898 2596 consentaneam,
926 2505 993 2576 nisi
1011 2506 1108 2576 sitm
1131 2511 1173 2589 >
1198 2509 1242 2592 03
1271 2503 1352 2593 quia
1369 2504 1519 2595 alioquin
1539 2522 1619 2607 pars
1641 2504 1839 2595 algebraica

244 2630 415 2785 [ὲν-,ἐῶ
440 2659 475 2750 (1
507 2701 559 2712 -
584 2650 662 2751 ufflm
689 2679 757 2731 non
784 2662 1004 2773 evanesceret
1029 2656 1141 2747 posito
1167 2676 1192 2726 a
1220 2684 1267 2717 =
1302 2658 1334 2726 1.

858 3001 1141 3075 Scholion
1197 3004 1233 3075 2.

383 3181 416 3275 ξ.
447 3185 481 3254 6.
514 3180 721 3274 Hujusmcdi
748 3182 875 3272 series,
904 3200 990 3273 quas
1017 3178 1298 3252 transcendentes
1323 3178 1498 3272 appellare
1526 3179 1629 3268 licet,
1658 3181 1739 3269 qnia
1765 3187 1836 3253 ter·

251 3308 336 3379 mini
380 3306 551 3379 indicibus
595 3304 717 3377 fractis
761 3306 1008 3397 respondentes
1044 3311 1124 3376 sunt
1160 3306 1371 3394 quantitates
1412 3305 1714 3394 transcendentes,
1765 3306 1837 3397 jam
1906 3354 1915 3373 .

251 3432 331 3503 olim
369 3433 404 3502 in
442 3429 633 3502 comment.
664 3430 803 3521 Petrop.
833 3429 939 3501 Tomo
968 3429 1013 3502 V.
1043 3427 1088 3521 (²⁸)
1124 3426 1234 3501 fusius
1270 3450 1346 3500 sum
1383 3433 1608 3518 prosecutus;
1655 3430 1746 3501 unde
1772 3429 1838 3502 hoc

250 3555 326 3629 loco
371 3576 438 3626 non
474 3559 545 3626 tam
581 3555 665 3626 istas
700 3554 977 3645 progressiones,
1033 3573 1135 3643 quam
1172 3553 1314 3625 eximias
1349 3551 1577 3625 formularum
1617 3553 1838 3644 integralium

251 3679 545 3770 comparationes,
601 3680 688 3767 quae
725 3679 804 3750 inde
839 3677 1062 3767 derivantur,
1118 3675 1315 3767 diligentius
1352 3697 1427 3748 sum
1463 3682 1692 3749 scrutaturus.
1749 3677 1869 3752 Gom,

125 3822 130 3830 ·
251 3803 385 3876 scilicet
420 3802 663 3892 ostendissem,
709 3802 813 3895 hujus
848 3800 1007 3893 producti
1043 3799 1212 3872 indefiniti
1244 3806 1277 3873 1.
1308 3804 1342 3874 2.
1375 3805 1437 3874 3..
1466 3858 1473 3872 .
1501 3822 1551 3872 ‚o
1586 3801 1737 3874 valorem
1774 3804 1838 3876 hac

251 3925 399 4000 formula
430 3927 594 4018 integrali
618 3916 711 4030 W
729 3918 800 4018 (lii
826 3925 870 3999 ab
896 3947 920 3996 c
940 3930 1032 3998 =0
1061 3925 1104 3997 ad
1131 3947 1221 3997 c:
1247 3932 1263 3997 l
1295 3931 1435 3999 extensa
1461 3927 1627 4019 exprimi,
1666 3949 1754 4018 quae
1780 3950 1838 4000 res

251 4053 435 4143 quotiesc
462 4056 516 4124 est
542 4071 704 4123 numerus
731 4050 866 4141 integer
892 4050 1059 4141 positivus
1093 4071 1157 4140 per
1193 4051 1302 4141 ipsam
1338 4052 1602 4159 integpationem
1639 4059 1691 4124 est
1726 4053 1837 4124 mani·

250 4174 358 4267 festa,
404 4196 462 4249 eos
489 4196 589 4248 casus
624 4175 774 4248 examini
801 4174 949 4266 subjeci,
998 4175 1122 4266 quibus
1149 4195 1213 4264 pro
1240 4198 1265 4246 o
1292 4177 1427 4249 numeri
1462 4173 1564 4248 fracti
1600 4176 1837 4269 accipiuntur,

250 4301 312 4373 ubi
349 4299 488 4391 quidem
515 4320 558 4372 ex
585 4300 659 4391 ipsa
695 4297 843 4371 formula
869 4298 1034 4390 integrali
1069 4301 1270 4390 neutiquam
1296 4305 1413 4390 patet,
1458 4301 1502 4373 ad
1531 4301 1700 4390 quodnam
1728 4323 1837 4393 genus

250 4424 483 4516 quantitatum
526 4424 842 4497 transcendentium
886 4425 923 4494 hi
959 4424 1098 4496 termini
1135 4422 1261 4497 referri
1297 4424 1454 4498 debeant.
1508 4424 1683 4516 Singulari
1719 4433 1835 4498 autem

354 4755 390 4827 (⁸)
402 4755 526 4812 institut
542 4754 618 4812 calc.
631 4755 775 4826 integralis
788 4754 864 4813 Tum.
878 4757 898 4811 1.
913 4755 985 4812 Sect.
999 4757 1021 4812 Ι.
1035 4755 1101 4824 cap.
1115 4755 1162 4810 1v.

307 4849 387 4924 Vol.
414 4851 479 4924 IV.
