4230 5670
197 495 273 566 544
742 488 1132 566 SUPPLEMENTUM
1183 492 1246 566 IX.

197 696 270 837 3.)
344 696 415 809 De
467 694 700 808 formulis
752 694 1092 833 integralibus
1144 696 1438 859 implioatis‚
1509 732 1790 836 eorumque

357 873 641 989 evolutione
685 878 737 987 et
778 875 1235 991 transformatione.
1306 892 1375 993 M.
1415 889 1466 994 S.
1504 888 1791 995 Academiae

357 1067 513 1170 mtto.
566 1066 640 1168 dte
694 1050 763 1162 20
818 1061 1001 1195 Apriles
1053 1049 1198 1170 1778.

385 1292 417 1387 §-
475 1295 537 1366 36.
618 1291 754 1364 Talium
820 1289 1045 1369 formularum
1108 1295 1367 1386 implicatorum
1432 1292 1544 1369 forma
1614 1297 1793 1390 generalis

199 1420 250 1492 its
277 1418 433 1493 exhiberi
459 1421 574 1508 potest

409 1583 965 1698 mejqoetrmtsoeeo.

201 1773 260 1847 ubi
314 1772 459 1866 quodvis
512 1773 648 1866 signnm
710 1771 879 1864 integrale
941 1774 1054 1846 omnia
1114 1774 1292 1866 sequentia
1344 1775 1381 1846 in
1434 1796 1471 1847 se
1532 1776 1790 1867 complectitur.

199 1897 255 1971 Ita
307 1896 351 1972 ad
404 1895 556 1969 valorem
610 1895 713 1989 hujus
766 1897 994 1991 expressionis
1046 1899 1287 1974 inveniendum
1329 1921 1352 1973 a
1395 1897 1464 1974 fine
1511 1907 1565 1975 est
1617 1901 1792 1995 incipien-

200 2020 303 2117 dum,
347 2021 531 2115 positoque
559 2022 724 2114 integrali
746 2012 849 2126 Jsoa
868 2020 962 2095 :S
988 2022 1057 2096 erit

202 2378 302 2473 ouius
328 2377 425 2454 valor
451 2377 481 2450 si
507 2382 656 2471 ponatur
686 2406 733 2438 =
753 2375 806 2470 R,
850 2376 919 2449 erit

410 2526 996 2678 terrenoque,

203 2774 293 2869 qnod
355 2770 527 2863 integrale
589 2770 618 2842 si
680 2772 829 2860 ponatur
893 2797 939 2829 =
969 2767 1019 2860 Q,
1100 2768 1198 2840 valor
1260 2770 1367 2860 ipsius
1427 2768 1593 2844 formulae
1659 2792 1794 2864 propo·

202 2902 289 2973 sitao
342 2898 410 2971 orit
467 2926 512 2958 =
539 2885 564 2998 J
588 2887 713 2987 dew,
785 2892 844 2963 ubi
897 2912 960 2982 per
1013 2914 1050 2964 se
1103 2893 1330 2987 intelligitur,
1402 2897 1438 2966 in
1492 2895 1645 2987 quolibet
1699 2898 1796 2970 inte-

203 3025 360 3120 gratione
428 3040 521 3095 more
589 3019 690 3092 solito
761 3021 974 3090 constantem
1046 3017 1265 3091 arbitrariam
1331 3021 1367 3090 in
1438 3020 1607 3093 caleulum
1679 3022 1795 3095 intro-

205 3150 283 3225 duci
310 3168 421 3240 posse.

391 3344 423 3435 ξ.
455 3346 516 3415 37.
590 3341 657 3413 llio
711 3336 845 3410 seilicet
897 3335 1003 3426 probe
1055 3336 1239 3408 tenendum
1292 3341 1364 3428 est,
1436 3339 1539 3412 istam
1593 3341 1793 3430 expressio·

205 3490 281 3545 nom
346 3460 369 3571 J
390 3461 462 3559 poia
485 3457 508 3571 Ι
531 3459 600 3559 poa
667 3484 733 3535 non
804 3459 998 3552 significare
1068 3461 1273 3552 productum
1344 3483 1385 3533 ex
1457 3461 1607 3535 formula
1673 3455 1796 3564 Jpois

207 3600 239 3671 in
295 3594 475 3669 torranulsm
527 3581 660 3695 Jpoio,
739 3586 799 3659 sod
852 3585 1034 3675 integrale·
1074 3586 1164 3675 quod
1217 3586 1348 3676 oritur,
1430 3588 1460 3659 si
1513 3593 1588 3699 tota
1640 3584 1795 3662 formula

206 3719 441 3797 ‹lifforontnalia
510 3710 581 3810 pala
617 3705 640 3818 Ι
678 3705 744 3803 ott
815 3712 1026 3801 integretur:
1127 3715 1165 3780 at
1235 3730 1318 3782 vero
1389 3711 1419 3782 si
1490 3710 1636 3784 velmtus
1707 3733 1792 3803 pro-

206 3850 345 3924 oluotnm
400 3845 519 3918 talium
575 3842 721 3914 duarum
775 3834 999 3908 formularum
1053 3834 1273 3925 integralium
1326 3835 1526 3927 designare,
1594 3836 1629 3907 id
1682 3836 1795 3908 inter-

207 3974 374 4067 positione
437 3970 555 4061 pnneti
619 3964 694 4037 lieri
746 3962 835 4034 solet
888 3961 951 4031 hoo
1004 3959 1103 4031 modo
1154 3948 1269 4061 Jpris
1297 4016 1304 4030 .
1330 3951 1353 4060 J
1377 3951 1464 4052 quis,
1545 3959 1604 4032 ubi
1658 3960 1797 4036 scilicet

209 4104 372 4193 portantum
427 4094 581 4169 olauolurnt
635 4086 879 4181 praecedentia
933 4085 1031 4174 signa
1084 4084 1264 4175 integralia
1316 4105 1382 4155 non
1436 4084 1529 4156 ultra
1582 4085 1672 4157 hunc
1719 4091 1796 4157 ter-

209 4228 336 4301 tnlntun
365 4220 503 4295 intinniit
531 4218 678 4307 ‹loom-o,
726 4213 777 4285 ita
803 4212 888 4283 haee
915 4206 1026 4280 forma

417 4408 439 4523 ,Ι
455 4411 525 4509 llil
539 4404 562 4521 Ι
576 4406 643 4509 pm:
663 4467 669 4483 ·
687 4398 710 4513 Ι
724 4399 790 4488 rto
805 4396 828 4511 J
843 4397 906 4483 six

208 4622 371 4715 nonium.
435 4615 662 4709 promotum,
744 4604 834 4698 quoal
888 4601 999 4673 oritur
1060 4599 1090 4672 si
1152 4596 1301 4670 formula
1359 4590 1476 4698 Jpois
1499 4587 1522 4700 Ι
1546 4590 1613 4690 pos
1675 4597 1799 4671 multi.

210 4750 357 4845 pollototut·
385 4766 447 4840 potr
472 4732 493 4847 J¹
511 4734 575 4819 oth
591 4726 612 4840 Ι
628 4728 702 4815 802·
