4230 5670
801 495 867 568 AD
895 494 1023 568 SEGT.
1052 496 1081 567 Ι.
1138 493 1251 569 ΤΟΜ.
1280 496 1325 568 Π.
1781 503 1855 573 545

399 726 403 733 ·
454 709 487 802 5.
544 712 606 782 38.
687 708 754 782 Hic
816 709 926 801 igitur
987 709 1148 800 signandi
1210 729 1272 781 nos
1333 728 1476 799 prorsus
1537 711 1731 782 conomius
1791 732 1874 791 usu.

268 839 322 906 est
365 839 547 926 receptus,
614 839 720 925 atque
764 835 800 905 in
853 832 1010 906 formulis
1063 831 1350 907 differentialibus
1402 833 1579 906 observari
1624 834 1733 923 solet,
1797 834 1856 907 nbi

267 957 349 1030 talis
414 959 590 1050 expressio
662 951 839 1050 aaaron
910 957 1052 1032 denotat
1120 956 1328 1051 productum
1400 959 1505 1032 trium
1576 955 1856 1033 differentialium

267 1074 339 1173 dn,
394 1074 443 1174 op
487 1087 524 1154 et
566 1076 633 1176 ds,
696 1083 747 1156 ita
791 1085 831 1155 nt
875 1082 1011 1173 singula
1057 1083 1156 1173 signa
1199 1081 1497 1156 differentiationis
1541 1086 1675 1155 tantam
1719 1082 1857 1155 litteras

267 1206 463 1280 immediate
506 1214 686 1298 sequentes
729 1204 902 1281 afficiant:
956 1213 994 1282 at
1037 1208 1067 1279 si
1111 1207 1257 1279 velimus
1309 1205 1408 1280 verbi
1458 1207 1577 1298 gratia
1629 1205 1856 1281 differentiale

267 1331 371 1424 hujus
443 1331 672 1421 expressionis
741 1325 889 1423 adeda
960 1331 1174 1422 exprimere,
1273 1332 1338 1403 hoc
1408 1331 1668 1422 interpositione
1736 1333 1855 1423 puncti

268 1454 343 1528 lieri
397 1456 486 1530 solet
539 1449 752 1548 leopos,
831 1455 893 1529 ubi
946 1461 1111 1547 punctum
1165 1453 1357 1548 significat,
1440 1453 1629 1547 praelixam
1682 1448 1706 1534 d
1759 1476 1853 1529 com·

267 1579 375 1671 plecti
401 1586 512 1653 totam
538 1581 791 1673 expressionem
818 1585 1029 1670 sequentem.

453 1774 486 1869 §-
544 1777 605 1849 39.
687 1772 788 1848 Tales
840 1779 955 1847 antem
1009 1772 1177 1848 formulae
1239 1774 1428 1868 integrales
1488 1775 1685 1867 implicatae
1745 1777 1854 1868 potis·

266 1900 391 1973 simum
449 1902 647 1974 ‘nascuntur
695 1921 750 2003 'ex
812 1898 973 1972 contium
1033 1899 1263 1991 integratione
1323 1901 1565 1993 aequationem
1632 1900 1854 1992 integralium

267 2024 469 2118 linearium,
516 2043 661 2115 quarum
687 2021 837 2095 forma
827 2044 863 2094 ru
890 2042 1018 2114 genere
1045 2029 1099 2096 est
1207 2058 1213 2065 ·

471 2247 520 2318 ps
538 2250 589 2298 -ι-
607 2192 663 2280 2⁰3
683 2193 890 2338 -ι--ι--δ-’ἶίᾗΞ
910 2192 1042 2338 ’ἔξ-ι-
1068 2231 1136 2300 etc.
1168 2225 1290 2318 =X,

267 2430 327 2503 nbi
380 2430 519 2502 litterae
565 2451 616 2522 p,
660 2451 700 2521 q,
745 2452 787 2520 r,
832 2449 871 2519 s,
916 2433 981 2503 eto
1037 2434 1119 2503 sunt
1102 2427 1366 2503 tiunctiones
1419 2430 1520 2503 datae
1579 2430 1756 2504 variabilis
1808 2454 1855 2524 c,

267 2555 365 2645 c'ujus
419 2554 524 2626 etiam
576 2551 709 2625 iunctm
762 2573 987 2646 quaecunque
1039 2558 1086 2627 sit
1138 2554 1258 2627 littera
1309 2555 1363 2645 X,
1440 2555 1550 2628 altera
1603 2576 1686 2628 vero
1739 2557 1853 2628 raria-

266 2677 347 2749 bilis
389 2699 409 2747 s
454 2676 580 2768 ubique
633 2697 735 2750 unam
789 2683 924 2750 tanturn
977 2682 1072 2751 tenet
1126 2678 1391 2772 dimensionem,
1445 2680 1561 2770 prouti
1606 2680 1690 2754 haec
1743 2678 1854 2753 forma

266 2801 439 2893 generalis
493 2801 549 2875 hic
592 2802 793 2896 exhibetur,
857 2803 901 2875 ad
945 2800 1099 2875 ordinem
1153 2803 1296 2876 ιιιιίιιιιι
1348 2800 1627 2877 differentialium
1680 2802 1853 2898 refertur,

265 2925 410 3018 ideoque
474 2930 593 2998 ternas
659 2926 906 3018 integrationes
967 2925 1140 3018 postulat,
1222 2926 1434 3018 totidemque
1496 2931 1693 3000 constantes
1758 2927 1852 3001 arbi-

265 3048 393 3122 trariae
444 3049 618 3124 involvere
671 3057 726 3125 est
770 3050 959 3144 censenda,
1026 3049 1081 3124 hic
1121 3050 1254 3126 scilicet
1305 3050 1350 3122 ad
1403 3051 1601 3129 methodum
1655 3053 1853 3144 integrandi

266 3174 414 3247 maxime
467 3175 661 3248 naturalem
714 3177 885 3269 respicio,
965 3196 1053 3268 quae
1106 3196 1169 3266 per
1231 3181 1348 3250 ternas
1407 3175 1656 3268 integrationes
1716 3170 1854 3251 sncces-

268 3299 359 3372 siras
385 3300 554 3392 integrale
581 3299 812 3374 desideratum
840 3301 1017 3392 producat.
1128 3330 1134 3339 ·

456 3496 488 3589 5.
557 3499 620 3568 40.
719 3495 794 3568 Tali
867 3496 1000 3570 scilicet
1070 3497 1272 3588 aequatione
1342 3499 1520 3590 proposita
1588 3500 1669 3569 ante
1739 3498 1854 3570 omnia

266 3640 366 3693 nosse
419 3623 557 3710 oportet
608 3619 932 3712 multiplicatorem,
1012 3643 1079 3715 qno
1133 3642 1175 3693 ea
1226 3619 1391 3694 reddatur
1444 3620 1679 3713 integrabilis,
1751 3641 1852 3712 quem

268 3765 351 3835 ergo
404 3764 638 3835 supponamus
690 3763 765 3817 esse
823 3774 867 3806 =
898 3738 987 3840 dP,
1069 3751 1174 3836 atque
1226 3745 1457 3835 integratione
1509 3751 1654 3837 peracta
1707 3745 1854 3837 prodeat

266 3871 335 3942 ista
360 3869 523 3961 aequatio

472 4015 942 4166 p's49732-'÷Q=
896 4044 1104 4158 -JxoP,

265 4262 355 4334 quae
407 4242 567 4334 montio
615 4241 690 4333 jam
743 4248 797 4315 est
849 4241 979 4316 ordinis
1030 4242 1193 4331 secundi;
1264 4242 1387 4334 quodsi
1435 4245 1509 4336 jam
1566 4219 1734 4334 ponamus
1787 4244 1851 4315 hn-

261 4367 321 4459 jns
372 4366 676 4458 multiplicatorem
729 4366 890 4439 idoneum
942 4385 1017 4440 esse
1064 4397 1111 4429 =
1140 4355 1223 4459 dP',
1293 4363 1387 4439 facta
1433 4368 1665 4458 integratione
1720 4367 1852 4440 oriatur

265 4491 350 4565 haec
375 4492 536 4583 aequatio
562 4490 667 4583 primi
694 4490 842 4583 ordinis,
885 4510 974 4583 qnae
1001 4491 1046 4565 sit

470 4657 783 4806 pse-Q:
736 4683 1059 4798 —Jon'rxon

324 4844 405 4920 Vol.
429 4844 493 4920 IV
