4216 5676
257 494 332 565 614
808 486 1194 565 supremarum
1245 490 1308 565 XI.

260 706 426 779 dationes
479 710 624 796 quartae
676 704 789 797 partis
840 704 876 775 in
930 704 1074 777 nihilum
1119 702 1237 795 abne,
1304 705 1336 777 si
1378 724 1498 779 omnes
1548 726 1676 779 curvae
1729 706 1850 797 proxi-

120 880 135 895 .
260 849 337 903 rnae
391 828 427 901 in
480 828 638 901 terminis
691 829 722 901 A
777 835 814 901 et
866 828 907 901 Μ
960 830 1102 922 insuper
1153 830 1288 904 ratione
1350 836 1558 904 curvaturae
1610 851 1688 904 cum
1742 851 1853 904 cum

261 952 448 1045 principali
509 952 726 1027 conveniant.
806 952 876 1027 Hic
937 961 1054 1028 autem
1117 954 1223 1046 probe
1290 956 1485 1029 meminisse
1548 955 1706 1049 jurabit,
1788 976 1852 1028 ra·

261 1078 426 1151 riationes
469 1078 596 1151 tertiae
639 1079 752 1170 partis
796 1099 859 1171 per
902 1099 942 1153 se
984 1098 1213 1171 evanescere,
1266 1080 1297 1152 si
1340 1080 1443 1154 modo
1491 1082 1667 1173 quantitas
1709 1080 1739 1153 Z
1782 1100 1853 1153 non

262 1200 505 1275 differentialia
561 1204 704 1277 secundi
763 1204 894 1296 gradum
946 1205 1119 1296 involvat3
1201 1210 1344 1296 quartae
1397 1226 1481 1279 rere
1541 1207 1655 1297 partis
1713 1226 1853 1296 semper

262 1348 465 1403 evanescere
518 1328 586 1403 nisi
648 1326 893 1403 differentialia
954 1329 1052 1403 tertii
1103 1328 1233 1420 medus
1285 1332 1322 1401 in
1375 1331 1604 1422 quantitatem
1655 1330 1684 1403 Z
1735 1330 1853 1421 ingre-

262 1454 422 1549 dicutur,
495 1460 533 1526 et
585 1454 635 1527 ita
686 1474 803 1545 porro.
875 1452 974 1527 Unde
1027 1474 1132 1545 quum
1186 1454 1286 1527 initio
1338 1454 1612 1547 ostenderimus,
1683 1454 1855 1547 quomodo

261 1578 410 1673 panetio
464 1579 597 1672 primm
649 1580 760 1670 partis
812 1578 857 1650 ad
909 1578 1052 1652 nihilum
1106 1579 1155 1651 sit
1201 1578 1412 1674 redigenda,
1464 1600 1555 1653 nunc
1598 1579 1855 1653 euidentissime

262 1703 490 1795 intelligimus
543 1703 609 1776 sub
671 1703 877 1796 quibusnam
939 1702 1214 1795 conditionibus,
1294 1724 1412 1778 omnes
1472 1706 1674 1779 variationis
1732 1712 1855 1799 partes

262 1830 365 1903 simul
392 1833 610 1903 evanescant.
1414 1816 1417 1820 ’

405 2149 791 2224 Dilucidctiones
835 2148 963 2222 circa
1007 2167 1174 2221 curras
1216 2147 1428 2242 maximi,
1479 2148 1717 2221 minimire

754 2309 1056 2403 proprietate
1100 2308 1356 2402 praeditas.

455 2508 488 2603 ἕ.
546 2512 608 2582 48.
689 2506 727 2581 Si
792 2506 941 2581 formula
1006 2507 1187 2599 integralis
1246 2494 1367 2609 [zoe
1427 2507 1463 2576 in
1524 2524 1632 2579 curva
1696 2504 1856 2595 quaesita

266 2632 390 2707 debeat
443 2653 519 2707 esse
572 2633 626 2706 vel
681 2633 866 2707 maximum
928 2632 983 2706 vel
1047 2632 1246 2722 minimum,
1323 2631 1396 2724 jam
1458 2650 1563 2722 supra
1619 2629 1853 2722 ostendimus,

266 2764 378 2849 P⁰⁵¹t⁰
477 2876 528 2962 dZ
548 2914 594 2945 =
616 2875 704 2961 Moe
724 2907 773 2953 -t-
792 2875 872 2975 Ndy
891 2908 940 2954 -t-
960 2874 1035 2974 Pop
1054 2906 1104 2952 -a-
1124 2874 1197 2973 (ἑὸς
1216 2906 1265 2952 -t-
1285 2873 1361 2959 uir
1379 2905 1428 2951 -t-
1448 2885 1514 2952 etc.

269 3083 427 3148 naturam
456 3078 559 3171 hujus
587 3099 733 3170 curvae,
789 3079 854 3151 huc
881 3077 1027 3168 exprimi
1055 3078 1258 3167 aequatione

481 3265 1212 3393 0=N—-⁶-3'÷3‘3}—⁰—³3÷etc.

721 3357 756 3411 de
853 3358 888 3411 dn
1005 3357 1053 3410 dcc⁸

270 3546 358 3614 quae
412 3523 571 3613 aequatio
615 3524 679 3593 nisi
726 3524 936 3611 quantitates
981 3523 1029 3614 P,
1084 3521 1134 3613 Q,
1188 3523 1220 3593 R
1265 3524 1487 3610 evanescant,
1543 3519 1598 3591 vel
1647 3519 1717 3590 sint
1769 3538 1853 3589 con·

269 3654 420 3739 statutus,
476 3668 610 3737 semper
655 3653 707 3718 est
752 3644 990 3717 differentialis
1040 3645 1095 3717 vel
1140 3645 1301 3735 secundi,
1357 3645 1413 3715 vel
1457 3644 1591 3735 quarti,
1645 3641 1702 3715 vel
1743 3642 1853 3732 senti,

270 3773 400 3844 aliusve
455 3772 582 3862 gradus
635 3772 738 3861 paris.
822 3772 890 3842 Hic
944 3790 1026 3861 erge
1080 3770 1197 3843 statim
1251 3773 1443 3841 memoratu
1497 3767 1639 3858 dignum
1701 3767 1857 3839 occurrit

271 3899 361 3987 quod
417 3899 481 3968 ista
536 3897 694 3987 aequatio
748 3917 920 3985 nunquam
975 3895 1029 3966 vel
1076 3895 1280 3985 simpliciter
1325 3892 1578 3984 differentialis,
1634 3891 1689 3964 vel
1735 3890 1855 3981 tertii,

270 4024 325 4095 vel
380 4022 509 4113 quinti,
591 4023 723 4094 aliusve
776 4023 905 4112 gradus
957 4019 1097 4111 imparis
1151 4019 1294 4111 evadat,
1367 4018 1403 4090 id
1455 4017 1545 4110 quod
1597 4037 1675 4089 mox
1729 4015 1858 4088 cemus

271 4168 489 4239 exponamur.

458 4378 488 4469 ξ.
538 4382 599 4450 49.
684 4376 907 4466 Quaestiones
962 4397 1044 4468 ergo
1098 4378 1164 4448 huc
1218 4376 1428 4466 gertinentes
1481 4379 1601 4466 sponte
1653 4374 1689 4444 in
1742 4371 1858 4446 varias

273 4506 471 4577 dividuntur
526 4504 671 4597 classes,
752 4525 815 4594 pro
869 4502 979 4593 gradu
1043 4500 1340 4593 differentialium‚
1422 4499 1466 4571 ad
1518 4519 1619 4589 quern
1682 4496 1857 4587 aequatio-

274 4652 334 4701 ues
389 4632 595 4717 exsurgunt,
668 4627 940 4716 quandoquidem
993 4625 1037 4697 ub
1091 4624 1155 4697 hoc
1209 4625 1318 4715 gradu
1373 4628 1498 4695 natura
1551 4621 1729 4693 solutionis
1781 4642 1855 4691 ma·

277 4756 365 4825 nime
420 4754 565 4843 pendet,
647 4758 829 4841 propterea
883 4752 972 4842 qnod
1026 4770 1068 4822 ea
1121 4771 1255 4840 semper
1312 4748 1453 4820 totidem
1507 4751 1701 4820 constantes
1761 4744 1856 4819 arbi-
