4230 5670
295 511 345 584 48
823 507 1216 588 SUPPLEMENTUM
1268 511 1296 584 Ι.
1352 627 1360 632 ἡ

266 745 354 817 quae
381 725 578 800 concinnior
603 723 762 799 redditur
788 725 945 817 ponendo
970 746 1018 798 uo
1037 755 1083 788 =
1103 749 1147 819 y,
1176 726 1370 819 reperietur
1396 727 1488 800 enim

425 1312 472 1387 11.
528 1313 650 1387 Sumto
677 1315 794 1384 summ
819 1311 907 1381 l:
931 1315 975 1404 1,
1012 1311 1081 1384 ista
1109 1311 1227 1405 prodit
1252 1313 1427 1431 expressio

479 1518 525 1603 o
548 1501 649 1628 to
667 1546 717 1594 ÷
735 1523 816 1618 cer
1047 1517 1154 1617 ro

567 1666 732 1741 o—omfl
926 1644 1225 1779 'W'

912 1952 1209 2026 Scholion.

455 2128 489 2221 §.
527 2130 589 2201 75.
644 2128 699 2201 Ex
743 2128 799 2200 his
842 2129 1007 2221 exemplis
1052 2130 1137 2202 satis
1181 2129 1414 2223 intelligitur,
1468 2151 1571 2222 quam
1614 2131 1754 2222 egregie
1797 2149 1854 2202 re·

267 2254 446 2327 ductiones
489 2274 534 2326 er
578 2254 705 2326 nostris
750 2252 906 2326 formulis
960 2254 1178 2346 generalibus
1232 2256 1356 2330 deduci
1401 2263 1550 2349 queant,
1594 2275 1751 2347 -quarum
1794 2275 1851 2326 re·

267 2380 413 2471 solutio,
468 2379 535 2451 nisi
579 2379 762 2453 methodus
814 2385 932 2451 nostro
982 2378 1209 2471 adhibeatur,
1263 2401 1380 2454 omnes
1424 2382 1518 2454 vires
1572 2381 1749 2472 annlyseos
1793 2399 1853 2450 su-

267 2525 391 2596 perare
417 2505 588 2578 videatur.

825 2707 1299 2746 υ*

268 2993 340 3136 4.)
412 2990 733 3108 Memorabile
804 3026 967 3132 genus
1038 2993 1373 3109 formularum
1444 2991 1854 3110 differentialium

437 3171 659 3287 maxime
701 3170 1100 3303 irrationalium,
1155 3205 1280 3310 quas
1315 3179 1487 3287 tamen
1532 3174 1596 3287 ad
1638 3172 1855 3286 rationa-

435 3349 632 3466 litatem
714 3351 985 3489 perduoere
1064 3349 1196 3463 lieet.
1305 3367 1373 3468 M.
1449 3364 1500 3468 S.
1572 3362 1855 3469 Academia

437 3543 691 3646 aalma.
745 3529 824 3642 15.
879 3544 1006 3645 Moti
1054 3527 1210 3647 1777.

454 3787 487 3882 ξ.
518 3792 579 3862 76.
635 3786 722 3862 (lum
749 3807 861 3881 nuper
886 3787 974 3861 hanc
1000 3785 1183 3862 formulam
1210 3786 1472 3862 differentialem

480 3978 976 4233 (l—uaJJOEcu-l)

268 4345 470 4415 tractassem
550 4362 694 4435 umque
773 4341 941 4433 singulari
1019 4341 1119 4414 modo
1197 4341 1242 4414 ad
1321 4340 1590 4415 rationalitatem
1674 4337 1854 4431 perduxis-

270 4486 362 4560 uem,
443 4486 521 4540 mon
583 4467 654 4539 vidi
716 4467 858 4540 eandem
920 4467 1118 4539 methodum
1178 4466 1364 4540 succedere
1424 4466 1459 4537 in
1521 4464 1587 4538 hac
1648 4463 1856 4557 generaliori

512 4584 559 4669 oe

270 4735 307 4826 (a
326 4757 375 4806 4-
393 4732 473 4829 ⁶²⁶2)
498 4712 598 4843 illa
616 4758 667 4807 ÷
688 4712 819 4826 roms
900 4662 1002 4748 atque
1068 4653 1153 4728 ⁸⁶⁰⁰
1223 4656 1259 4726 ¹¹¹
1331 4655 1397 4727 ¹¹⁸⁰
1468 4654 1576 4728 mura
1646 4651 1856 4745 senereliori
