4230 5670
753 467 824 540 AD
855 462 983 540 TOM.
1019 463 1053 540 t·
1120 459 1231 540 CAP.
1258 462 1365 539 vm.
1747 477 1835 551 stt

267 662 411 757 Ns:
437 678 475 760 t,
508 666 596 743 inde
629 667 670 740 fit
700 667 740 752 Δ
767 669 898 761 za,
939 666 1098 764 ideoque
1131 627 1212 763 ejus
1246 663 1357 737 valor
1389 662 1461 738 erit
1493 662 1673 744 infinitus.
1726 670 1839 757 ¹Cum

266 809 392 870 autem
444 816 517 892 pro
570 792 736 868 formula
778 792 955 892 integrali
998 794 1128 892 priore
1170 789 1217 864 sit
1257 787 1329 864 sin.
1363 795 1420 881 no
1459 813 1520 868 :z
1552 797 1627 883 tuo,
1677 792 1836 876 evidens

265 937 324 998 est
375 924 459 997 fore
510 911 653 996 Asin.
687 929 846 1015 ne:
879 930 929 1014 03
960 918 1237 1017 vquamobrem
1288 913 1361 991 ista
1410 917 1515 1015 prior
1565 919 1747 994 'formula-
1778 923 1836 998 in·

265 1068 420 1170 tegraiis
469 1068 542 1143 erit
576 1028 720 1183 [ἷζε
701 1067 811 1136 e-t’x
842 1062 914 1142 sin.
950 1086 1025 1165 qm
1055 1082 1118 1138 :z
1152 1065 1204 1152 θ,
1252 1060 1340 1134 dum
1390 1085 1530 1161 nempe
1578 1064 1764 1167 integrale
1813 1096 1838 1147 a

266 1215 430 1291 termino
470 1231 600 1289 a:
636 1223 657 1286 0
704 1235 823 1309 usque
866 1213 914 1288 ad
949 1210 1151 1287 terminum
1184 1224 1312 1280 ω·-
1250 1263 1313 1280 ...
1346 1233 1396 1282 00
1440 1206 1668 1340 extenditur.
1734 1216 1837 1291 Alte·

1277 1313 1326 1374 ἂιι
1358 1357 1466 1427 ,.Ρκ

264 1358 344 1434 rius
392 1372 519 1435 autem
538 1350 757 1432 formulae
800 1335 962 1457 nostrae
984 1354 1203 1489 integralis
1233 1336 1326 1478 s-
1500 1380 1581 1432 oos
1615 1380 1689 1457 qae
1729 1363 1838 1438 valor

265 1503 338 1577 erit
386 1502 529 1579 infinite
568 1492 750 1604 magnus.
818 1496 892 1608 lite
934 1519 1063 1578 autem
1104 1524 1217 1580 casus
1259 1501 1415 1636 omnino
1458 1515 1628 1578 meretur
1669 1517 1710 1581 ut
1749 1531 1836 1586 eum

268 1628 449 1730 singulari
485 1630 724 1709 theoremate
757 1595 1068 1766 complectamur.

757 1881 1344 1977 TheoremaIH
1432 1912 1462 1939 ²

459 2071 496 2184 5
540 2085 642 2159 ¹39.
712 2076 747 2152 st
797 2074 947 2152 litterae
993 2085 1153 2175 patq
1204 2071 1391 2201 denotent
1430 2089 1609 2166 numeros
1649 2071 1837 2170 positivos
1927 2059 1929 2064 Δ

268 2239 527 2321 quoscunque,
561 2231 676 2317 atque
708 2184 796 2295 bino
829 2236 1039 2317 quaeratur
1055 2219 1232 2325 anguina
1267 2224 1320 2310 θ,
1334 2226 1376 2299 ut
1408 2211 1458 2292 sit
1490 2227 1594 2317 tang.
1629 2223 1744 2312 θ’·-
1682 2264 1745 2301 ...-
1778 2202 1837 2354 {a

250 2362 467 2437 habebitur
498 2385 663 2461 sequens
695 2363 901 2467 integratio
934 2360 1098 2486 maxime
1131 2363 1391 2488 memorabilis

777 2586 894 2665 u
929 2480 1207 2690 [22:th
1243 2567 1358 2653 ει

261 2731 370 2823 cujus
417 2684 665 2808 theorematis
705 2731 978 2839 demonstratio
1020 2730 1152 2809 dubito
1196 2727 1294 2828 quin
1328 2727 1403 2806 alio
1429 2800 1435 2824 „
1446 2730 1562 2809 modo
1606 2757 1721 2834 quatu
1762 2757 1835 2835 per

269 2855 623 2956 approximationes
658 2855 880 2959 investigari
915 2869 1043 2960 queat.
1081 2940 1084 2945 ¹

462 3118 493 3229 5
535 3100 637 3202 tto.
677 3126 811 3201 Casus
843 3132 971 3227 autem
1004 3105 1304 3228 simplicissimus
1337 3145 1413 3219 quo
1441 3148 1550 3222 p:
1577 3135 1661 3201 oet
1685 3136 1832 3226 q.·.·.t
1878 3094 1883 3106 ἱ

264 3251 344 3351 jam
392 3251 522 3344 omnia
564 3249 701 3328 calculi
744 3247 906 3357 artificia
928 3249 1071 3334 adhue
1112 3249 1266 3350 cognita
1303 3270 1490 3342 superare
1531 3253 1699 3339 ridetur,
1750 3251 1841 3349 quia

271 3389 396 3453 autem
429 3377 503 3451 hoo
536 3395 628 3450 casu
655 3376 703 3449 nt
735 3385 840 3474 tang.
875 3380 895 3465 θ
933 3397 996 3469 ;·
1025 3385 1201 3476 ι;.·οο,
1234 3372 1307 3451 erit
1340 3379 1359 3463 θ
1395 3400 1458 3453 ;·.
1488 3373 1540 3473 ξ,
1582 3377 1685 3451 unde
1719 3377 1841 3454 oritur

267 3527 362 3599 haec
411 3478 738 3637 integratiolszf
770 3517 841 3594 sin.
873 3546 906 3595 x
939 3540 1001 3596 :z
1032 3521 1087 3621 ³5.
1150 3518 1311 3598 interim
1364 3540 1492 3595 tamen
1535 3523 1584 3598 de
1624 3524 1706 3624 ejus
1739 3524 1839 3600 veri-

267 3688 345 3746 tate
396 3690 444 3743 eo
488 3666 613 3745 minus
647 3667 822 3774 dubitare
863 3660 973 3755 licet,
1024 3664 1128 3765 quod
1170 3663 1520 3765 approximationea
1563 3668 1755 3746 adhibitae
1788 3673 1838 3746 ad

268 3797 432 3874 eundem
487 3766 683 3874 satorem
720 3789 1002 3958 propemodum
1059 3792 1287 3892 perducant.
1355 3792 1503 3887 Quodsi
1560 3799 1661 3872 hune
1708 3821 1840 3876 casum

271 3968 361 4035 cum
394 3943 497 4020 initio
529 3935 747 4016 memorato
770 3897 882 4055 [ἲς
888 3936 972 4017 sin.
990 3962 1115 4018 x:
1134 3936 1200 4046 V}
1232 3953 1524 4038 comparemus,
1568 3940 1705 4044 ingens
1738 3944 1840 4019 simi·

267 4087 385 4166 iitudo
418 4108 605 4164 summam
639 4084 888 4161 attentionem
922 4097 1127 4175 meretur,
1163 4108 1252 4163 cum
1284 4087 1393 4189 hujus
1428 4085 1614 4188 integrale
1647 4092 1696 4168 sit
1727 4116 1839 4192 prae·

269 4215 346 4293 eise
380 4214 487 4290 radix
519 4215 708 4312 quadrata
741 4211 850 4291 iltius
891 4266 896 4273 -
