4230 5670
817 517 881 588 nb
909 514 1064 587 FINEM
1089 512 1201 589 TOM.
1231 515 1293 586 III.
1775 514 1849 585 599

448 733 481 824 §-
541 735 601 804 19.
681 732 854 804 Ponamus
907 750 997 802 nuuc
1050 728 1084 800 V
1137 748 1211 801 esse
1264 729 1517 820 expressionem
1580 732 1754 819 utcunque
1807 746 1851 797 ex

261 856 369 947 ipsius
422 857 630 931 coordinatis
672 878 716 947 a,
770 878 794 945 p
838 860 874 927 et
916 876 937 926 a
980 853 1225 946 compositam,
1280 853 1352 924 sive
1397 874 1459 943 per
1513 872 1626 923 meras
1678 853 1849 942 operatio·

262 1001 325 1052 nes
368 981 604 1072 algebraicas,
658 982 732 1053 sive
775 981 881 1052 etiam
935 979 1217 1052 transcendentes
1261 976 1447 1070 formatas,
1511 997 1598 1067 quae
1644 996 1738 1049 more
1792 998 1848 1049 so·

263 1105 326 1177 lito
353 1104 582 1177 differentiata
608 1105 775 1195 praebeat

475 1258 532 1344 dV
553 1296 600 1328 =
621 1260 699 1342 Lala
719 1288 768 1335 -ι-
788 1256 1057 1356 91999999,

263 1431 366 1516 atque
420 1425 450 1496 si
503 1424 656 1517 ejusdem
710 1426 960 1497 incrementum
1014 1424 1228 1497 desideretur
1283 1446 1304 1496 a
1357 1444 1445 1496 noua
1499 1422 1657 1496 variabili
1709 1429 1723 1494 t
1776 1425 1850 1496 sola

265 1551 470 1643 oriundum,
525 1550 744 1623 manifestum
791 1556 865 1643 est,
929 1550 1036 1623 statui
1081 1548 1206 1622 debere
1259 1543 1306 1626 da
1335 1580 1382 1611 =
1412 1554 1437 1621 0
1482 1554 1519 1620 ct
1563 1542 1683 1639 dy:
1713 1552 1760 1638 0,
1814 1553 1850 1620 at

264 1702 339 1773 loco
393 1695 436 1779 da
489 1702 596 1773 scribi
650 1701 776 1774 debere
821 1666 980 1827 ΜΞ),
1035 1700 1151 1790 sicque
1205 1702 1271 1774 boc
1324 1700 1480 1793 signandi
1532 1701 1632 1773 modo
1685 1704 1850 1791 usurpato

262 1850 465 1924 habebimus

475 2004 609 2165 999
629 2069 676 2099 -
696 2005 855 2164 999
1056 2004 1203 2166 99
1226 2002 1367 2164 999

265 2225 1510 2317 mmmmmmmmmmfflmmm.

451 2422 482 2514 ξ.
541 2425 602 2493 20.
685 2421 954 2512 Progrediamur
1007 2443 1091 2512 ergo
1144 2422 1187 2493 ad
1241 2420 1428 2493 secuudum
1483 2441 1614 2511 genus,
1668 2440 1736 2509 quo
1789 2440 1848 2490 ex·

262 2547 395 2640 pressio
448 2566 470 2617 c
524 2551 664 2637 praeter
717 2547 810 2637 ipsas
863 2546 1079 2620 coordinatus
1132 2568 1174 2635 a,
1240 2568 1284 2636 y,
1346 2568 1366 2616 a
1418 2544 1524 2616 etiam
1578 2545 1730 2616 rationes
1783 2542 1848 2615 dif-

262 2670 494 2743 ferentialium
559 2691 677 2741 earum
732 2671 905 2759 involvat3
986 2677 1090 2762 atque
1143 2671 1200 2742 bic
1264 2669 1400 2760 quidem
1463 2672 1542 2740 ante
1605 2668 1718 2741 omnia
1779 2669 1849 2741 for·
1959 2712 1963 2719 ·

265 2816 355 2867 mam
426 2778 647 2888 hujusmodi¹
698 2797 956 2886 expressionum
1027 2796 1222 2867 accuratius
1292 2794 1457 2886 perpendi
1527 2799 1674 2886 oportet.
1757 2794 1848 2883 Quo·

265 2918 357 2991 uiam
413 2924 528 2991 autem
582 2920 638 2991 bic
691 2919 806 2991 statim
862 2920 1037 3009 quantitas
1081 2941 1101 2989 a
1144 2919 1295 3010 duplicia
1348 2919 1558 2990 incrementa
1611 2939 1735 3010 capere
1787 2940 1848 3011 po-

265 3049 355 3136 test,
427 3045 496 3136 (bic
550 3045 641 3114 enim
695 3043 842 3115 nondum
898 3045 941 3116 ad
995 3063 1118 3117 nouam
1173 3044 1372 3116 variabilem
1416 3049 1429 3114 t
1475 3043 1689 3135 respicimus)
1743 3064 1848 3134 pona

263 3188 339 3239 mus
366 3167 548 3241 brevitatis
575 3167 688 3258 gratia

475 3316 552 3483 dl
578 3376 668 3445 -9
694 3359 732 3426 et
756 3320 972 3480 lll=c¹2

264 3562 352 3632 quae
403 3540 492 3611 duae
546 3540 686 3612 litterae
739 3539 981 3655 differentialis
1035 3540 1138 3629 primi
1191 3540 1319 3630 gradum
1380 3540 1675 3633 comprehendunt
1726 3540 1849 3612 deinde

264 3685 326 3757 pro
353 3664 639 3737 differentialibus
665 3665 805 3736 secundi
832 3663 961 3754 gradus
989 3684 1153 3755 ponamus

476 3817 1263 3979 (ffqstffl=fffflkff

267 4041 356 4112 uude
419 4044 602 4129 sequentes
664 4038 850 4111 relationes
909 4039 1001 4111 iuter
1063 4039 1126 4111 bas
1187 4038 1324 4111 litteras
1385 4044 1420 4111 et
1481 4040 1727 4130 praecedentes
1787 4061 1849 4113 no-

265 4170 357 4238 tasse
380 4164 517 4257 juvabit

476 4316 677 4476 999
723 4313 1098 4476 9999
1143 4313 1370 4478 999

267 4538 372 4609 simili
399 4536 497 4609 modo
526 4535 766 4609 differentialis
794 4536 890 4608 tertii
917 4535 1045 4627 gradm
1072 4536 1125 4607 bis
1151 4535 1309 4609 formulis
1334 4536 1603 4627 complectamur

477 4689 695 4851 99
740 4687 1001 4852 9999·
1046 4686 1315 4851 9999
1358 4686 1606 4852 999
