4230 5670
670 504 737 579 AD
764 506 877 581 TOM.
906 508 934 581 Ι.
990 508 1116 584 SEGT.
1147 511 1192 585 Π.
1248 512 1351 587 GAP.
1380 511 1444 588 Vl.
1776 520 1849 591 509

265 715 369 790 facile
422 723 539 809 patet,
620 720 720 793 istam
774 720 1092 797 determinationem
1153 726 1188 797 iu
1250 727 1399 801 calculos
1460 749 1624 820 perquam
1686 731 1848 804 molestos

267 842 521 935 praecipitare,
603 844 875 936 quandoquidem
929 849 1087 939 aequatio
1142 849 1282 924 inventa
1338 852 1517 943 quadratis
1579 855 1753 928 sumendis
1805 854 1850 927 ab

266 983 531 1058 irrationalitate
589 971 745 1091 quY
797 988 939 1061 liberari
991 990 1145 1064 deberet.
1228 992 1393 1085 Sequenti
1446 1002 1561 1069 autem
1623 997 1723 1070 modo
1783 999 1852 1071 ista

266 1128 488 1221 investigatio
514 1128 690 1203 sublevari
713 1132 853 1222 poterit.

453 1323 495 1417 ἓ..
515 1326 576 1397 89.
631 1321 797 1413 Quoniam
825 1328 893 1399 iata
919 1325 1069 1401 formula

478 1504 1599 1603 2a÷ou÷ul÷2uu÷⁸oo÷ol÷2won

265 1676 495 1750 essentialiter
548 1680 583 1750 in
636 1680 807 1753 caleulum
854 1681 1068 1775 ingreditur,
1123 1685 1200 1777 ejus
1245 1687 1318 1760 loco
1364 1687 1544 1761 brevitatis
1598 1689 1710 1781 gratia
1763 1690 1848 1763 aeri·
1987 1664 1993 1675 ⁵

265 1799 388 1874 bomne
440 1803 531 1875 hunc
583 1805 820 1878 characterem
875 1805 934 1900 [u,
969 1808 1029 1902 y]‚
1108 1810 1207 1902 eujus
1260 1831 1344 1904 ergo
1398 1813 1496 1885 valor
1547 1814 1617 1885 erit
1669 1815 1848 1906 cognitus,

264 1926 368 1998 etiam
423 1927 453 1999 ei
497 1928 571 2001 loeo
614 1950 638 1999 a
682 1937 718 2000 et
759 1953 783 2020 y
826 1929 914 2004 aliae
967 1933 1105 2006 litterae
1158 1936 1385 2027 accipiantur.
1458 1936 1533 2010 Hoc
1587 1939 1695 2030 igitur
1749 1938 1850 2012 modo

264 2050 424 2141 aequatio
452 2052 591 2125 inventa
618 2053 668 2124 ita
694 2052 819 2141 referri
846 2057 975 2148 poterit

477 2225 744 2311 [epham
766 2325 812 2337 -
833 2228 1093 2317 [amasne

479 2330 742 2420 W
765 2345 811 2356 ““
831 2338 1114 2423 W’

264 2512 353 2582 quae
407 2514 491 2586 ergo
536 2497 696 2585 aequatio
740 2499 902 2589 exprimit
945 2501 1147 2576 relationem
1192 2505 1283 2578 inter
1328 2505 1409 2579 bina
1453 2505 1612 2577 ordinata
1656 2529 1680 2578 a
1723 2515 1760 2579 et
1801 2531 1847 2600 y,

264 2621 303 2688 ut
330 2617 537 2707 problemati
564 2618 731 2715 satisfiat,
777 2623 842 2696 hoo
868 2631 942 2714 est,
987 2633 1027 2723 ut
1053 2624 1115 2698 fiat

475 2780 1160 2878 llzp-lltu=ll:9-ll:f.

264 2932 378 3024 Quare
405 2958 483 3010 oum
510 2939 567 3012 hio
594 2941 698 3013 etiam
726 2950 891 3035 aequatur

475 3099 1169 3199 Hzp-ll:9=ll:u—Il:s,

264 3257 422 3345 aequatio
449 3257 530 3331 hine
556 3258 624 3331 ista
650 3273 814 3354 exsurget

476 3432 737 3523 [eumenen
758 3539 803 3551 -
826 3436 1112 3561 [ganesun.

825 3544 1090 3559 ψ

475 3549 734 3638 W
757 3560 804 3571 ”“
897 3560 1021 3633 (aa-s?

449 3736 480 3828 ξ.
538 3736 599 3807 90.
681 3732 734 3803 Er
797 3731 863 3802 hae
926 3729 999 3823 jam
1066 3732 1272 3820 aequatione
1337 3751 1416 3802 cum
1481 3732 1597 3821 priore
1664 3732 1846 3824 conjuncta

262 3876 363 3950 facile
416 3877 590 3949 eliminari
642 3874 770 3965 poterit
822 3871 970 3944 formula
1021 3872 1183 3945 radicalis
1225 3858 1269 3977 ql
1296 3871 1349 3964 Y,
1421 3874 1538 3963 sieque
1582 3874 1740 3964 aequatio
1783 3874 1847 3948 ha·

263 4019 404 4091 bebitnr
456 4023 589 4091 tantum
642 4016 793 4088 litteram
838 4038 862 4105 p
902 4021 1064 4105 tanquam
1119 4015 1328 4107 incognitam
1372 4015 1570 4109 involvens,
1637 4015 1728 4088 unde
1770 4016 1847 4108 ejus

262 4144 361 4216 valor
412 4143 506 4215 hand
559 4123 747 4215 difficulter·
801 4137 937 4212 deliniri
1000 4144 1127 4230 potest.
1200 4138 1380 4212 calculum
1434 4144 1547 4212 autem
1601 4140 1693 4211 huno
1746 4141 1845 4213 insti·

261 4269 373 4341 tuenti
427 4267 580 4359 patebit,
660 4271 795 4338 tuntum
849 4262 892 4335 ad
947 4264 1183 4355 aequationem
1238 4264 1473 4355 quadratieam
1527 4265 1720 4356 perveniri,
1797 4264 1847 4337 ita

130 4461 134 4468 .
262 4400 302 4464 nt
355 4392 426 4464 bini
480 4392 616 4463 volones
668 4410 732 4481 pro
786 4394 912 4479 puncto
957 4387 989 4460 Y
1033 4388 1274 4481 reperiantur,
1342 4389 1625 4479 quemadmodum
1679 4388 1732 4460 rei
1783 4409 1845 4461 na·

261 4520 344 4588 tura
387 4515 559 4606 postulat,
627 4515 707 4586 dum
753 4519 866 4586 sumto
910 4520 1038 4604 puncto
1083 4514 1115 4585 X
1159 4513 1306 4585 alterum
1360 4521 1526 4605 punctum
1572 4514 1603 4585 Y
1647 4520 1718 4586 tam
1762 4513 1844 4587 ‹lex-

261 4646 412 4714 troreum
484 4658 585 4729 qnam
656 4638 890 4710 sinistrorsum
962 4638 1085 4709 cadere
1154 4638 1295 4729 poterit.
1375 4637 1465 4712 Hine
1531 4645 1646 4711 autem
1713 4638 1845 4711 calculo

261 4761 370 4838 ineius
432 4783 499 4837 non
556 4761 798 4854 immoramur,
878 4761 1152 4853 quandoquidem
1206 4761 1263 4836 hio
1325 4764 1541 4854 potiaaimum
1603 4768 1657 4837 eet
1718 4783 1843 4856 propo·
