4216 5676
260 501 336 572 ιιι
797 448 1181 567 sunnnnmnnnum
1235 494 1303 569 ιιι.
1358 414 1387 475 ⁰

259 712 304 785 lis
352 699 475 814 Μὰρ
527 728 549 781 a
591 705 820 800 praecedente
861 697 884 811 J
908 699 982 785 zoa
1025 708 1129 781 aliter
1181 728 1248 781 non
1298 704 1434 805 differt,
1489 708 1556 781 nisi
1600 707 1692 799 qnod
1724 650 1846 781 ’coor-

260 836 397 909 dinatus
440 855 464 906 c
508 839 544 907 et
585 856 609 925 p
653 834 723 906 sint
765 838 1003 927 permutatae,
1059 854 1148 925 unge
1192 833 1283 925 qnod
1326 833 1370 907 de
1412 833 1528 925 priore
1572 839 1650 907 erat
1692 830 1849 907 affirma·

259 966 354 1053 tum,
401 959 507 1032 etiam
531 959 574 1031 de
600 958 791 1049 posteriore
818 956 921 1031 valet.

445 1225 536 1297 Hinc
598 1230 723 1297 natura
784 1224 916 1316 primae
978 1224 1097 1298 classis
1159 1225 1272 1299 adhuc
1333 1225 1529 1317 generalius
1589 1225 1640 1298 ita
1699 1224 1849 1298 describi

259 1355 396 1443 potest,
476 1354 517 1421 ut
579 1370 620 1421 ca
681 1349 932 1441 complectatur
993 1369 1111 1423 omnes
1176 1348 1342 1423 formulas
1402 1349 1589 1441 integrales
1651 1349 1849 1443 hujusmodi

256 1466 345 1580 ΗΖ
373 1498 421 1545 -ι-
450 1471 517 1568 Bp)
544 1466 609 1569 oa,
690 1473 750 1546 ubi
801 1473 939 1547 litterae
1001 1474 1030 1546 Z
1083 1481 1119 1546 et
1174 1472 1203 1561 3
1264 1474 1429 1549 denotant
1489 1472 1682 1549 functiones
1742 1496 1848 1568 qnas-

260 1620 394 1695 cunqne
446 1600 599 1691 ipsarum
650 1618 674 1670 a
726 1602 764 1670 et
816 1621 859 1690 p,
940 1602 1014 1670 tum
1068 1598 1161 1671 enim
1213 1601 1374 1692 aequatio
1427 1619 1493 1691 pro
1546 1620 1652 1673 curva
1704 1601 1849 1673 maximi

259 1724 317 1797 vel
369 1724 500 1796 minimi
553 1723 640 1812 erit,
719 1724 820 1795 0=
849 1720 885 1798 st
911 1763 963 1775 —
990 1720 1054 1816 aut,
1135 1745 1224 1815 quae
1279 1730 1333 1797 est
1385 1725 1543 1816 aequatio
1596 1725 1732 1799 omnino
1786 1724 1848 1798 de·

260 1849 457 1922 terminata.

889 2096 1122 2171 Classis
1175 2098 1225 2170 II.

449 2291 480 2384 ξ.
540 2293 587 2362 52
669 2289 725 2362 Ad
779 2291 924 2363 classem
986 2291 1170 2365 secundam
1231 2291 1410 2367 referimus
1463 2314 1522 2366 cas
1579 2291 1743 2365 formrrlas
1795 2293 1848 2365 in-

262 2415 414 2507 tegrales
464 2405 618 2519 JZOa,
689 2435 778 2505 quae
833 2416 1009 2489 deducunt
1061 2417 1104 2489 ad
1168 2418 1406 2509 aequationem
1469 2415 1731 2491 differentialem
1792 2438 1849 2490 se-

264 2540 368 2614 cundi
406 2540 555 2633 padus,
609 2540 677 2612 huc
717 2559 802 2630 ergo
845 2541 959 2632 primo
1003 2543 1176 2633 pertinent
1217 2562 1335 2635 casus,
1390 2542 1515 2634 quibus
1555 2542 1584 2615 Z
1623 2547 1758 2615 tuntum
1804 2562 1849 2614 ex

259 2665 386 2738 litteris
410 2685 454 2759 c,
498 2686 523 2755 p
549 2669 634 2756 etp
662 2665 896 2756 componitur,
944 2667 995 2738 ita
1027 2672 1068 2739 ut
1093 2667 1140 2738 sit

473 2852 1107 2953 on=moa÷nap÷nm

263 3056 354 3127 unde
416 3055 555 3146 quidem
617 3076 732 3127 casnm
794 3056 1020 3146 posteriorem
1084 3056 1215 3146 primae
1278 3057 1397 3128 classis
1463 3057 1622 3147 excipere
1689 3062 1847 3147 oportet,

262 3182 389 3271 qnippe
443 3180 532 3269 quod
577 3182 710 3272 evenit,
782 3182 810 3252 si
854 3182 882 3252 P
929 3179 1034 3252 fuerit
1090 3180 1219 3252 functio
1272 3186 1407 3254 tantum
1462 3184 1613 3273 ipsarum
1659 3203 1682 3253 a
1726 3188 1762 3253 et
1803 3205 1848 3273 p,

262 3307 313 3376 ita
357 3312 395 3376 ut
440 3326 503 3395 pro
548 3306 719 3394 praesenti
773 3325 854 3378 casu
904 3306 1079 3394 quantitas
1128 3307 1156 3377 P
1202 3311 1340 3396 praeter
1382 3328 1406 3376 a
1450 3313 1487 3377 et
1529 3329 1552 3396 p
1597 3307 1700 3377 etiam
1753 3306 1849 3378 litte-

263 3452 337 3502 ram
376 3452 403 3520 p
449 3430 628 3519 complecti
682 3429 814 3501 debeat.
892 3429 980 3500 Tum
1037 3436 1151 3502 autem
1205 3431 1363 3521 aequatio
1417 3452 1480 3522 pro
1535 3451 1641 3503 curva
1694 3431 1850 3521 quaesita

264 3582 332 3653 crit
368 3583 391 3652 0
422 3611 469 3642 =
499 3579 532 3652 N
559 3622 611 3632 —
638 3547 702 3691 gg,
758 3580 817 3652 nbi
852 3602 956 3671 quum
993 3583 1021 3653 P
1056 3583 1211 3654 involvat
1241 3604 1290 3674 p,
1345 3581 1488 3672 ideoque
1519 3548 1575 3691 ἓξ,
1631 3549 1850 3692 formula-2}

264 3734 456 3807 continebit
511 3731 753 3804 differentialia
815 3733 954 3806 secundi
1007 3735 1155 3825 gradus,
1238 3734 1323 3805 haec
1376 3753 1457 3823 ergo
1512 3731 1672 3823 aequatio
1734 3733 1848 3803 nenti-

264 3880 366 3951 quam
422 3863 477 3930 est
531 3857 776 3950 determinata,
859 3880 962 3949 quum
1016 3859 1099 3929 duas
1153 3857 1239 3929 adeo
1294 3863 1488 3929 constantes
1541 3857 1741 3928 arbitrarius
1793 3877 1849 3928 re·

265 3985 391 4075 cipiet,
446 3983 571 4074 quibus
611 3981 700 4053 effici
742 3987 875 4075 potest,
931 3991 971 4055 ut
1011 4004 1117 4055 curva
1159 4002 1220 4072 per
1262 3981 1344 4053 data
1390 3983 1456 4054 duo
1500 3987 1629 4072 puncta
1673 3986 1847 4075 transeat,

264 4114 367 4200 atque
419 4108 505 4179 adeo
560 4108 777 4198 quaestiones
821 4107 924 4199 hujus
974 4109 1091 4180 classis
1136 4108 1187 4177 ita
1231 4106 1424 4179 accuratius
1483 4111 1563 4178 sunt
1616 4105 1850 4196 definiendae,

264 4238 304 4305 nt
357 4254 485 4306 curvae
528 4233 802 4326 investigentur,
874 4254 962 4323 quae
1007 4254 1073 4304 non
1126 4233 1217 4303 inter
1271 4252 1388 4303 omnes
1441 4231 1544 4322 plane
1590 4251 1734 4321 curvas,
1788 4230 1850 4302 sed

264 4358 354 4429 inter
406 4378 464 4429 eas
518 4361 671 4447 tantum,
749 4378 838 4447 qnae
892 4378 953 4448 per
1007 4356 1124 4429 eadem
1179 4356 1245 4427 duo
1301 4360 1429 4446 puncta
1482 4355 1675 4446 ducuntur,
1747 4374 1848 4445 prae·

265 4483 393 4573 scripta
446 4483 586 4554 maximi
639 4481 813 4554 minimive
866 4482 1078 4574 proprietate
1131 4480 1323 4571 gaudeant3
1389 4500 1524 4570 semper
1577 4483 1692 4550 antem
1743 4499 1850 4569 qnae-

265 4607 392 4679 stiones
431 4606 535 4699 hujus
575 4607 693 4679 classis
734 4607 782 4677 ite
821 4611 901 4679 sunt
942 4612 1179 4698 comparatae,
1234 4609 1275 4676 ut
1314 4625 1376 4696 per
1422 4608 1582 4676 naturam
1623 4623 1720 4674 suam
1761 4603 1850 4675 hanc

264 4731 518 4805 restrictionem
546 4731 730 4823 postulent.
793 4790 797 4796 .
