4230 5670
803 533 868 607 AD
897 532 1023 609 sual.
1052 533 1097 607 11.
1154 530 1266 611 TOM.
1294 536 1339 608 Π.
1778 532 1849 608 581
1939 526 1945 541 ’

276 748 379 821 mado
417 767 442 819 a
479 744 569 821 forte
608 748 644 820 in
685 748 976 823 denominatcrem
1014 738 1251 842 ingrediatur,
1306 769 1370 840 per
1409 737 1615 841 patestatem
1658 748 1765 842 ipsius
1806 769 1851 841 a,

238 974 241 995 Ι
276 892 345 964 qua
370 871 595 964 multiplicari
620 874 769 968 debent,
812 874 939 948 iterum
966 874 1119 946 tolletur.
1247 930 1249 935 .

459 1068 492 1162 ἕ.
530 1072 591 1143 25.
671 1067 743 1142 His'
791 1071 885 1144 circa
936 1071 1073 1162 singula
1125 1070 1310 1161 integralia
1362 1070 1550 1144 observatis
1592 1074 1701 1142 extra
1754 1068 1853 1160 signa

127 1178 131 1185 ⁴
273 1195 496 1266 summatnria
534 1195 608 1287 jam
651 1214 781 1286 ponere
826 1195 941 1268 licebit
983 1216 1008 1267 a
1036 1225 1083 1257 =
1118 1201 1158 1286 l,
1213 1195 1340 1285 quippe
1384 1195 1443 1285 qni
1488 1201 1543 1267 est
1586 1215 1684 1267 casus
1728 1214 1850 1284 quaes-

273 1318 375 1390 cons
401 1317 618 1411 propositae;
664 1318 780 1410 sicque
807 1314 1000 1410 reperietur

383 1505 1801 1669 1linear—l-z-twletr-l-eteetru

272 1761 372 1854 cujus
424 1762 527 1835 seriei
572 1763 668 1835 valer
713 1759 892 1834 manifesta
938 1766 992 1833 est
1034 1762 1069 1854 (1
1096 1803 1141 1816 -
1161 1751 1300 1853 acl-¹,
1355 1763 1404 1834 ita
1448 1767 1488 1833 ut
1531 1761 1719 1834 habeamus
1761 1761 1851 1834 hanc

271 1885 521 1977 expressionem
547 1887 809 1959 determinatam

617 2134 965 2246 :ixian-a

271 2456 370 2549 cujus
422 2475 507 2546 ergo
561 2454 658 2526 valor
710 2454 815 2526 etiam
874 2451 1008 2526 casibus
1065 2453 1190 2544 quibus
1240 2474 1262 2544 q
1315 2474 1383 2526 non
1434 2458 1488 2527 est
1540 2476 1702 2530 numerus
1760 2459 1850 2556 inte-

270 2601 333 2673 ger
381 2574 456 2670 'per
510 2578 739 2668 quadraturas
803 2577 959 2650 exhiberi
1020 2582 1154 2670 potest,
1236 2578 1353 2669 sicque
1414 2581 1630 2671 aequaticnis
1692 2580 1849 2657 differen-

269 2705 362 2779 tialis
441 2700 609 2804 indefiniti
686 2701 815 2794 gradus
884 2694 959 2780 als
988 2734 1035 2765 =
1064 2694 1196 2780 NXOa⁹
1265 2704 1435 2795 integrale
1505 2703 1655 2779 feliciter
1726 2681 1848 2780 elicui·
1950 2702 1953 2713 '
2020 2656 2025 2664 ι

268 2851 365 2923 nnus,
436 2835 472 2901 et
524 2829 607 2919 quia
659 2827 767 2900 X:
795 2819 930 2918 affl,
1011 2848 1128 2900 omnes
1180 2827 1302 2900 unciae
1354 2829 1419 2901 hoc
1472 2830 1571 2903 mado
1624 2831 1668 2904 ad
1722 2829 1849 2904 formas

268 2954 454 3046 integrales
480 2952 681 3044 redigentur

481 3145 1205 3388 (tr

266 3493 304 3562 at
355 3488 437 3579 qnia
488 3491 699 3578 exponentes
751 3486 857 3577 ipsius
909 3507 934 3558 a
985 3492 1022 3559 et
1074 3487 1184 3580 ipsius
1242 3492 1340 3560 1-
1366 3509 1391 3559 a
1442 3487 1631 3580 permutari
1683 3493 1844 3581 possunt,

266 3597 464 3687 enticius

514 3775 543 3844 p
605 3845 652 3857 -
920 3755 938 3824 1

478 3752 1203 3994 (})‘q5a⁹‘¹au(1-a)⁹·⁹’

264 4099 419 4190 hancque
480 4094 660 4171 formulam
722 4118 766 4170 ex
827 4097 997 4189 principio
1057 4096 1289 4170 diversissimo
1351 4062 1417 4165 non
1480 4090 1530 4165 ita
1581 4091 1714 4183 pridem
1767 4111 1842 4164 sunu

152 4243 153 4248 ‘
265 4224 421 4316 adeptus.

856 4418 1168 4492 Theorema
1221 4422 1254 4491 1.

449 4623 481 4718 ξ.
512 4627 574 4698 26.
636 4623 746 4698 Valor
796 4622 900 4718 hujus
953 4622 1162 4697 characteris
1213 4588 1269 4750 (ξ
1272 4590 1288 4747 )
1336 4620 1456 4694 reduci
1508 4623 1622 4712 potest
1674 4618 1717 4692 au
1769 4617 1840 4693 for·

263 4775 389 4850 mulam
417 4775 640 4872 integralem,
686 4796 765 4850 anm
790 4771 836 4851 sit
