4230 5670
304 387 390 508 sss
818 423 1238 504 surrunururum
1302 428 1348 502 v.

273 612 509 695 ¹'Pr·aeterea
568 641 662 694 vero
714 621 790 694 hoc
839 607 977 694 modo
1004 619 1135 720 plures
1187 619 1280 694 alias
1331 617 1512 694 formulas
1562 620 1671 720 hujus
1722 619 1874 718 generis
1989 651 1996 655 ·

303 745 497 844 expedivi,
546 746 584 819 in
618 769 780 841 quarum
814 745 1083 822 differentialis
1114 769 1190 823 non
1222 746 1345 826 solum
1379 745 1597 824 functiones
1631 746 1875 846 algebraicae

302 872 418 970 ipsius
452 897 482 946 x
516 873 604 949 sed
617 873 731 950 etiam
764 873 816 950 lx
848 873 1096 976 ingrediatur.

501 1124 529 1235 Φ.
575 1138 673 1211 125.
743 1132 972 1213 Obtulernnt
1018 1135 1060 1210 se
1109 1132 1199 1208 mihi
1249 1128 1391 1208 autem
1427 1131 1621 1231 quondam
1667 1131 1765 1211 aliae
1789 1135 1875 1210 bu·

297 1259 463 1362 jusmodi
513 1258 703 1338 formulae
745 1262 861 1339 etiam
895 1258 1110 1338 functiones
1143 1261 1461 1351 transcendentes
1492 1258 1743 1355 involventes,
1781 1286 1876 1360 qua·

305 1413 391 1462 rum
437 1387 593 1463 valores
642 1387 849 1494 desiderati
892 1411 1026 1466 omnes
1064 1388 1264 1466 methodos
1306 1361 1431 1464 adhoc
1472 1386 1650 1489 cognitas
1690 1412 1875 1490 respuere

304 1515 517 1589 videantur.
591 1514 870 1610 Quaesiveram
908 1515 1054 1594 scilicet
1099 1540 1187 1593 eam
1218 1513 1375 1615 ‘lineam
1416 1538 1575 1592 curvam
1614 1515 1653 1589 in
1695 1540 1772 1614 qua
1812 1538 1876 1590 ra·

305 1642 388 1717 dius
455 1642 575 1718 osculi
640 1642 779 1747 ubique
845 1642 1048 1744 reciproce
1113 1659 1218 1721 esset
1266 1642 1567 1744 proportionalis
1627 1643 1734 1719 arcui
1789 1666 1876 1718 cur·

305 1795 408 1861 vae,
473 1768 525 1843 irc
575 1780 616 1845 ut
663 1770 792 1871 posito
843 1795 937 1849 arcu
986 1794 1103 1849 :s
1154 1783 1194 1846 et
1242 1770 1353 1848 radio
1403 1769 1523 1881 osculi
1572 1793 1634 1850 ς..-
1660 1794 1711 1862 r,
1777 1779 1880 1844 esset

305 1921 354 1971 rs
388 1922 449 1975 :z
484 1921 560 1970 αα.
630 1897 733 1974 Hinc
780 1897 881 1975 enim
921 1897 1023 1972 haud
1064 1888 1219 1976 difficile
1259 1908 1331 1990 est,
1379 1897 1543 1998 figuram
1576 1919 1719 1971 curvae
1752 1895 1875 1972 libero

305 2024 412 2122 quasi
465 2047 601 2101 manus
651 2027 767 2102 ductu
815 2025 1048 2118 describere,
1113 2022 1421 2122 quandoquidem
1470 2045 1518 2096 ea
1566 2024 1681 2098 talem
1731 2025 1876 2098 habere

196 2135 228 2187 ¹·
268 2174 274 2189 ·
307 2153 420 2227 debet
461 2155 663 2251 figur·am.’
702 2151 822 2228 lnitio‘
855 2151 1033 2229 nimirum
1062 2148 1215 2235 ‘curvae
1260 2149 1300 2226 in
1332 2151 1364 2224 Α
1396 2147 1601 2225 constituto
1634 2150 1723 2225 inde
1756 2173 1878 2226 curva

306 2280 486 2354 continuo
537 2279 659 2380 magis
708 2279 970 2357 incurvabitur
1019 2297 1061 2353 ct
1105 2275 1261 2354 tandem
1310 2287 1400 2378 post
1447 2273 1613 2351 infinitus
1663 2275 1790 2377 spiras
1837 2275 1877 2349 ln

306 2423 455 2482 certum
513 2421 697 2507 punctum
753 2408 788 2484 O
845 2401 1148 2509 glomerabitur,
1186 2403 1316 2503 'quod
1363 2401 1510 2502 'polum
1566 2403 1675 2506 hujus
1732 2428 1876 2482 curvae

308 2536 505 2635 appellare
541 2533 682 2611 licebit.
747 2535 991 2637 Propositum
1030 2529 1148 2632 igitur
1186 2531 1278 2607 mihi
1319 2532 1446 2607 tuerat
1486 2529 1614 2606 locum
1653 2533 1762 2636 hujus
1795 2529 1898 2632 poli‘

309 2663 526 2736 accuratius
568 2652 824 2767 investigare,
873 2687 947 2767 pro
988 2682 1113 2759 eoque
1153 2659 1408 2760 'quantitatem
1450 2654 1761 2737 coordinatorum
1792 2658 1875 2734 AC

308 2801 345 2863 et
381 2789 466 2864 CO
501 2792 746 2889 perscrutari.

504 3011 532 3122 5.
576 3024 674 3097 126.
741 3017 914 3096 Hunc
904 3045 943 3095 rn
994 3018 1127 3110 finem,
1193 3016 1409 3097 introducta
1455 3012 1494 3088 in
1543 3007 1730 3088 calculum
1746 3038 1875 3184 spor·

308 3158 420 3235 tionis
454 3185 622 3261 cuusvrs
656 3161 1179 3264 AM:samp1nodine
1212 3149 1361 3264 -,;Φ,
1407 3158 1531 3237 nteit
1563 3183 1680 3239 r:
1674 3217 1792 3293 ὃΦ,
1835 3162 1877 3235 fit
1994 3152 2000 3160 ’

306 3297 485 3385 oda:
520 3291 691 3406 ααόΦ,
734 3307 897 3407 hincque

498 3458 642 3513 ss:
680 3414 1490 3545 2aao‚e1sav2o=2evo

895 3566 972 3639 can

309 3601 454 3674 Hinc
440 3625 521 3700 Jam
557 3602 687 3702 prodit
719 3595 861 3684 ds-
1046 3606 1147 3681 unde
1192 3603 1320 3706 posita
1361 3600 1531 3681 abscissa
1570 3627 1644 3705 pro
1678 3607 1749 3682 hoc
1785 3631 1879 3682 arcu

311 3747 474 3817 ΑΡ-
416 3775 540 3825 ...x
575 3771 615 3826 et
648 3749 843 3848 applicata
875 3663 1055 3833 Filii:
1086 3778 1127 3853 y,
1169 3748 1358 3851 colligitur
1390 3753 1474 3828 sore
1564 3856 1567 3859 v

483 3861 1056 4038 r:cs⁶0⁰⁰⁸':,0etp
1073 3860 1337 4040 osam—{Q
1433 3992 1439 4001 ἱ

518 4165 556 4278 ξ.
606 4181 705 4257 127.
779 4175 882 4254 Hinc
932 4202 1027 4279 ergo
1075 4194 1149 4278 pro
1198 4181 1288 4281 polo
1336 4183 1371 4259 O
1418 4179 1705 4258 determinando
1753 4182 1890 4279 requi-

306 4312 442 4372 runtur
498 4299 652 4378 valores
710 4307 846 4381 harum
907 4305 1067 4415 duarum
1126 4309 1376 4387 formularum
1431 4301 1707 4412 integralium,
1774 4322 1880 4407 post·

309 4447 423 4515 quam
475 4451 496 4500 a
547 4430 708 4505 termino
758 4418 807 4533 Φ
822 4438 931 4512 :0
986 4458 1103 4533 usque
1151 4437 1202 4511 ad
1242 4423 1371 4537 ΦΣ
1396 4462 1447 4515 00
1487 4435 1636 4515 tuerint
1685 4452 1880 4511 extensae.

311 4543 421 4624 Initio
474 4555 625 4647 quidem
674 4583 756 4634 sum
808 4563 1045 4657 arbitratus,
1112 4566 1179 4639 hos
1230 4562 1380 4642 valores
1430 4567 1541 4644 aliter
1591 4562 1752 4640 obtineri
1801 4586 1881 4639 non
