4230 5670
261 494 347 565 aso
774 465 1194 575 suerusueurun
1259 469 1305 545 v.

262 676 552 780 praecedentes,
586 663 795 743 secundum
830 662 954 761 legam
988 661 1180 759 quandam
1216 661 1348 742 datam
1382 683 1573 765 utcunque
1607 670 1850 776 variabilem,

263 808 342 883 sive
395 807 443 878 ab
483 795 607 872 indice
648 820 676 869 n
718 791 970 892 pendentem,
1021 787 1315 884 determinetur3
1365 791 1428 867 ubi
1471 779 1622 892 qitidem
1656 799 1844 903 imprimis
1951 808 1957 817 '

98 967 103 976 ·
218 932 219 936 ’
263 958 310 1008 eo
345 931 418 1007 erit
450 923 752 1025 respiciendum,
803 918 859 993 ad·
894 931 988 1015 quot
1032 915 1287 994 dimensiones
1330 916 1443 996 index
1485 949 1513 998 n
1555 924 1594 1002 in
1635 932 1740 1006 scala
1780 959 1844 1011 re-

263 1059 415 1137 lationis
462 1053 669 1162 proposita
720 1047 932 1130 ascendat:
980 1046 1205 1145 plerumque
1250 1058 1378 1129 autem
1420 1073 1509 1132 ¹¹⁰⁰·
1539 1054 1639 1130 ultra
1678 1058 1844 1158 Primam
1916 1130 1918 1134 ·

192 1256 196 1259 ,
263 1188 536 1264 dimensionem
591 1201 797 1281 assurgere
849 1172 930 1255 erit.
972 1197 1091 1281 opus..
1151 1172 1254 1254 Hinc
1294 1174 1412 1277 igitur
1453 1182 1655 1280 sequentia
1686 1190 1842 1288 proble-

264 1331 369 1393 mata
400 1323 695 1420 pertractemus.

793 1561 1310 1642 Prostanna

173 1834 174 1847 ,
459 1754 490 1865 ξς
531 1766 634 1842 tes.
698 1752 883 1831 Invenire
922 1752 1186 1849 functionem
1229 1781 1275 1847 v,
1328 1765 1372 1833 ut
1420 1764 1500 1836 istu
1548 1760 1692 1840 relatio
1741 1769 1845 1843 inter.

130 1944 133 1952 a
265 1890 377 1965 binos
411 1892 610 1963 terminos
635 1881 710 1960 sibi
741 1880 990 1958 succedentes
1023 1882 1155 1958 locum
1177 1873 1349 1965 'liabent'

267 2500 490 2606 Requiritun
521 2500 635 2604 igitur
667 2500 746 2594 hic,
785 2511 825 2576 ut
857 2497 911 2576 sit

550 2625 1551 2805 (swelle-¹³12:ten-euneos

266 2852 297 2929 si
347 2849 493 2927 scilicet
538 2861 626 2947 post
672 2845 969 2948 integrationem
1018 2844 1191 2919 variabili
1233 2870 1268 2920 x
1316 2860 1460 2925 certus?
1491 2849 1607 2924 valor·
1638 2851 1839 2946 tribuatur.
1933 2847 1935 2849 ’

267 2977 456 3073 Quoniam
491 2975 603 3080 igitur
637 2975 708 3049 ista
742 2972 908 3051 conditio
942 2985 1032 3051 tum,
1055 2974 1220 3053 demum.
1243 2974 1369 3052 locum
1402 2979 1544 3055 habere
1567 2977 1695 3067 debet,
1730 2999 1839 3077 post.-

268 3130 383 3206 quarn
416 3103 590 3179 variabili
624 3127 654 3177 oo
687 3101 760 3179 iste
790 3101 898 3175 valor
932 3121 1115 3177 constans
1155 3101 1267 3178 suerit
1300 3105 1432 3195 datus,
1476 3127 1665 3205 ponamus
1698 3104 1737 3182 in
1771 3133 1840 3209 ge·

266 3259 372 3325 nere,
406 3234 505 3310 dum.
528 3255 560 3304 x
593 3244 652 3307 est
685 3228 888 3319 variabilis,
921 3228 1020 3307 hanc
1056 3229 1322 3329 aequationem
1356 3232 1484 3311 locum
1515 3235 1659 3310 habere

457 3392 543 3512 (otu
560 3423 616 3479 ÷
631 3393 835 3506 &sul-⁴
856 3391 915 3482 dv
948 3421 1019 3482 Ξ,
1043 3387 1204 3508 (liu-44
1221 3390 1428 3509 b)sx'⁸dv
1446 3406 1547 3496 -t-V‚

266 3598 513 3696 quantitatem
549 3607 673 3670 autem
708 3597 740 3668 V
776 3595 828 3668 ita
863 3588 945 3671 esse
979 3606 1267 3695 comparatam,
1317 3582 1364 3671 ut*
1392 3606 1600 3672 evanescat
1633 3608 1839 3696 postquam

264 3725 436 3803 variabili
480 3724 540 3799 ille
584 3725 694 3797 valor
735 3718 1009 3798 determinatus
1043 3719 1155 3796 luerit
1189 3722 1415 3824 assignatus.
1482 3722 1692 3799 Praeterea
1726 3749 1836 3817 vero,

266 3854 355 3951 quia
406 3854 519 3925 ambo
571 3849 770 3950 integralis
817 3849 881 3924 ita·
918 3850 1004 3949 capi
1057 3850 1301 3945 assumimus,
1352 3865 1393 3927 ut
1418 3851 1668 3926 *evanescant
1711 3853 1837 3952 posito

262 3999 376 4058 m:
399 3990 439 4066 0,
490 4000 648 4052 necesse
697 3991 765 4051 estw
803 3991 845 4051 ut
893 3980 1007 4053 etiam
1055 3960 1131 4052 ista*
1177 3978 1375 4076 quantitas
1419 3982 1451 4055 ll
1501 3978 1638 4054 eodem
1687 4005 1838 4078 quoque

266 4133 358 4186 casu
391 4121 609 4183 evanescat

463 4361 493 4472 l.
531 4373 634 4440 200.
704 4360 893 4456 Quoniam
942 4362 1038 4438 llaec
1090 4365 1299 4461 aequalitas
1346 4361 1569 4442 subsistere·
1603 4363 1719 4439 debet
1768 4387 1837 4462 pro

266 4494 437 4569 omnibus
478 4491 663 4569 indicibus
698 4518 742 4583 n,
793 4515 891 4590 quos
934 4491 1084 4588 quidem
1127 4518 1288 4592 semper
1313 4508 1355 4568 ut
1388 4485 1575 4594 positivus
1609 4485 1839 4590 spectamus,

267 4624 380 4698 facile
418 4622 648 4724 intelligitur,
691 4620 941 4720 quantitatem
974 4620 1087 4698 istam
1122 4623 1154 4696 V
1188 4624 1380 4700 sectorem
1411 4623 1554 4698 habere
1587 4620 1735 4694 debere·
1765 4622 1838 4708 πῆ
