4216 5676
305 484 354 552 22
641 532 644 537 -
821 478 1213 556 SUPPLEMENTUM
1265 481 1292 551 I.

489 699 1002 816 8=ps(a÷fix÷m)

277 885 314 951 et
367 877 514 951 formula
566 879 610 951 ab
663 870 928 951 irrationalitate
986 876 1164 950 liberanda
1217 879 1285 949 erit
1338 843 1419 988 Q
1491 882 1551 969 qni
1604 899 1703 951 casua
1760 899 1859 970 pror-

277 1052 336 1103 sus
389 1031 547 1102 conuenit
601 1050 680 1102 curn
742 1028 957 1120 problemate
1020 1028 1267 1119 praecedente,
1340 1027 1487 1139 ideoque
1550 1028 1693 1100 eundern
1756 1029 1859 1102 habe·

227 1172 230 1176 ’
276 1155 329 1227 bit
355 1155 569 1226 solutionem.

922 1327 1214 1400 Scholion.

464 1509 495 1601 5.
542 1512 603 1582 36.
676 1511 865 1600 Praecepta
918 1511 1084 1583 hactenus
1136 1510 1266 1582 tradita
1310 1509 1355 1582 ad
1387 1520 1517 1583 ‘omnes
1571 1508 1643 1582 iere
1696 1509 1859 1584 formulas

276 1629 541 1726 differentiales,
615 1654 703 1723 quae
765 1634 904 1724 quidem
967 1633 1079 1705 adhuc
1142 1633 1284 1705 tractari
1337 1641 1544 1726 potuerunt,
1618 1634 1858 1707 extenduntur.
1958 1678 1966 1701 2

276 1755 418 1826 Interim
465 1764 579 1828 tamen
624 1757 792 1849 ejusmodi
837 1778 938 1829 casus
992 1777 1175 1828 occurrere
1219 1764 1383 1851 possunt,
1437 1757 1562 1849 quibus
1606 1758 1729 1831 idonea
1778 1759 1859 1831 sub·

276 1880 432 1970 stitutio,
506 1880 550 1952 ad
602 1880 905 1953 irrationalitatem
967 1881 1154 1953 tollendam
1216 1882 1430 1972 necessaria,
1484 1902 1572 1971 non
1625 1888 1696 1954 um
1758 1881 1858 1954 facile

276 2004 504 2095 perspicitur,
560 2003 620 2075 sed
665 2006 736 2077 acri
777 2005 907 2096 Judicio
953 2004 1088 2075 demum
1142 2004 1353 2094 inuestigare
1397 2005 1500 2096 licet,
1557 2007 1592 2076 in
1637 2027 1704 2095 quo
1752 2026 1859 2097 nego-

276 2130 326 2199 tio
380 2149 457 2200 cnm
510 2134 697 2219 praecepta
749 2128 926 2220 generalia
980 2127 1118 2200 tradere
1171 2127 1321 2199 nondum
1371 2128 1494 2221 liceat,
1553 2130 1710 2220 exempla
1753 2149 1858 2220 quae·

275 2252 353 2324 dam
379 2253 603 2343 particularia
630 2253 826 2344 speciminis
852 2252 928 2324 loco
955 2253 992 2322 in
1019 2250 1168 2322 medium
1195 2249 1390 2322 afferamus.

858 2496 1188 2587 Exemplumw
1245 2503 1277 2569 1.

461 2673 492 2765 §-
524 2675 584 2746 37.
640 2672 680 2745 Si
703 2677 878 2766 proposito
903 2673 1009 2764 fucrit
1035 2677 1116 2751 lruec
1139 2675 1293 2766 formula
1318 2679 1533 2753 inducatis

275 3062 348 3150 εφίιε
374 3064 537 3155 inteprale
565 3065 598 3137 P
622 3064 835 3156 inoestipurc.

462 3259 500 3331 Si
553 3261 631 3350 quis
684 3261 740 3332 hic
792 3260 960 3351 ejusmodi
1014 3262 1066 3332 nti
1120 3261 1225 3333 vellet
1275 3263 1539 3353 substitutione,
1597 3282 1664 3352 qua
1711 3260 1859 3335 lormula

280 3384 380 3503 plll
405 3421 452 3468 ÷
472 3399 522 3491 ω’)
576 3399 620 3471 ad
673 3400 942 3475 rationalitatem
996 3402 1265 3494 perduceretur,
1322 3403 1435 3476 oleum
1485 3411 1520 3476 et
1574 3424 1740 3494 operam„
1769 3409 1859 3476 esset

275 3541 497 3634 perditurus,
560 3542 699 3612 interim
753 3547 867 3613 tamen
922 3544 1091 3633 singulari
1143 3514 1290 3616 artificio
1343 3564 1489 3635 sequens
1542 3544 1743 3617 substitutio
1797 3565 1856 3616 ne·

274 3667 406 3757 gotium
433 3663 598 3738 conficere
626 3666 765 3756 poterit.
824 3666 1006 3738 Statnatur

487 3818 587 3899 etse

488 3927 597 3995 ἦ
625 3916 671 3948 --
696 3908 745 3978 p,
774 3886 907 3975 eritque

276 4451 349 4516 tum
376 4464 459 4515 vero
486 4445 555 4516 erit
580 4443 841 4516 differentiundo

488 4597 889 4756 pp-fflssmlls}

553 4716 600 4728 ““
687 4719 828 4788 (1-cx)²
901 4718 910 4756 '
