<?xml version="1.0" encoding="UTF-8"?>
<!DOCTYPE html PUBLIC "-//W3C//DTD XHTML 1.0 Transitional//EN"
    "http://www.w3.org/TR/xhtml1/DTD/xhtml1-transitional.dtd">
<html xmlns="http://www.w3.org/1999/xhtml" xml:lang="en" lang="en">
 <head>
  <title>
</title>
<meta http-equiv="Content-Type" content="text/html;charset=utf-8" />
  <meta name='ocr-system' content='tesseract 3.04.00' />
  <meta name='ocr-capabilities' content='ocr_page ocr_carea ocr_par ocr_line ocrx_word'/>
</head>
<body>
  <div class='ocr_page' id='page_1' title='image "./leonhardieuleri01eulegoog_0081.png"; bbox 0 0 4230 5670; ppageno 0'>
   <div class='ocr_carea' id='block_1_1' title="bbox 307 488 1351 565">
    <p class='ocr_par' dir='ltr' id='par_1_1' title="bbox 307 488 1351 565">
     <span class='ocr_line' id='line_1_1' title="bbox 307 488 1351 565; baseline 0.003 -6"><span class='ocrx_word' id='word_1_1' title='bbox 307 489 357 560; x_wconf 89' lang='grc'>70</span> <span class='ocrx_word' id='word_1_2' title='bbox 828 488 1213 565; x_wconf 78' lang='lat' dir='ltr'><strong>SUPPLEMENTUM</strong></span> <span class='ocrx_word' id='word_1_3' title='bbox 1267 489 1315 562; x_wconf 87' lang='lat'>11.</span> <span class='ocrx_word' id='word_1_4' title='bbox 1344 544 1351 562; x_wconf 44' lang='lat' dir='ltr'>r</span> 
     </span>
    </p>
   </div>
   <div class='ocr_carea' id='block_1_2' title="bbox 277 657 1297 793">
    <p class='ocr_par' dir='ltr' id='par_1_2' title="bbox 277 657 1297 793">
     <span class='ocr_line' id='line_1_2' title="bbox 277 657 1297 793; baseline 0.001 -19"><span class='ocrx_word' id='word_1_5' title='bbox 277 722 380 793; x_wconf 87' lang='lat' dir='ltr'>porro</span> <span class='ocrx_word' id='word_1_6' title='bbox 406 701 632 775; x_wconf 74' lang='lat' dir='ltr'><strong>subtrahatur</strong></span> <span class='ocrx_word' id='word_1_7' title='bbox 658 704 782 775; x_wconf 92' lang='lat' dir='ltr'>tertius</span> <span class='ocrx_word' id='word_1_8' title='bbox 808 704 976 776; x_wconf 87' lang='lat' dir='ltr'>terminus</span> <span class='ocrx_word' id='word_1_9' title='bbox 1002 726 1043 778; x_wconf 89' lang='lat' dir='ltr'>ac</span> <span class='ocrx_word' id='word_1_10' title='bbox 1070 657 1264 778; x_wconf 84' lang='lat' dir='ltr'>remanebit</span> <span class='ocrx_word' id='word_1_11' title='bbox 1291 663 1297 683; x_wconf 52' lang='grc'><strong><em>’</em></strong></span> 
     </span>
    </p>
   </div>
   <div class='ocr_carea' id='block_1_3' title="bbox 545 891 846 963">
    <p class='ocr_par' dir='ltr' id='par_1_3' title="bbox 545 891 846 963">
     <span class='ocr_line' id='line_1_3' title="bbox 545 891 846 963; baseline 0.013 -6"><span class='ocrx_word' id='word_1_12' title='bbox 545 891 696 963; x_wconf 51' lang='lat' dir='ltr'>slew)</span> <span class='ocrx_word' id='word_1_13' title='bbox 713 893 846 963; x_wconf 55' lang='lat' dir='ltr'>(uafro)</span> 
     </span>
    </p>
   </div>
   <div class='ocr_carea' id='block_1_4' title="bbox 487 964 1498 1054">
    <p class='ocr_par' dir='ltr' id='par_1_4' title="bbox 487 964 1498 1054">
     <span class='ocr_line' id='line_1_4' title="bbox 487 964 1498 1054; baseline 0.003 -2"><span class='ocrx_word' id='word_1_14' title='bbox 487 964 918 1054; x_wconf 50' lang='lat' dir='ltr'>ammam·</span> <span class='ocrx_word' id='word_1_15' title='bbox 1433 964 1498 1008; x_wconf 55' lang='lat'>&#39;¹</span> 
     </span>
    </p>
   </div>
   <div class='ocr_carea' id='block_1_5' title="bbox 218 1143 1539 1262">
    <p class='ocr_par' dir='ltr' id='par_1_5' title="bbox 218 1143 1539 1262">
     <span class='ocr_line' id='line_1_5' title="bbox 218 1143 1539 1262; baseline 0.002 -44"><span class='ocrx_word' id='word_1_16' title='bbox 218 1200 220 1205; x_wconf 13' lang='lat' dir='ltr'>a</span> <span class='ocrx_word' id='word_1_17' title='bbox 276 1143 366 1219; x_wconf 91' lang='lat' dir='ltr'>Hinc</span> <span class='ocrx_word' id='word_1_18' title='bbox 385 1146 459 1239; x_wconf 91' lang='lat' dir='ltr'>jam</span> <span class='ocrx_word' id='word_1_19' title='bbox 487 1153 630 1238; x_wconf 86' lang='lat' dir='ltr'>quartus</span> <span class='ocrx_word' id='word_1_20' title='bbox 657 1150 827 1262; x_wconf 87' lang='lat' dir='ltr'>terminus</span> <span class='ocrx_word' id='word_1_21' title='bbox 853 1149 991 1223; x_wconf 87' lang='lat' dir='ltr'>ablatus</span> <span class='ocrx_word' id='word_1_22' title='bbox 1017 1150 1194 1223; x_wconf 88' lang='lat' dir='ltr'>residuum</span> <span class='ocrx_word' id='word_1_23' title='bbox 1221 1149 1366 1241; x_wconf 78' lang='lat' dir='ltr'>praebet</span> <span class='ocrx_word' id='word_1_24' title='bbox 1392 1167 1539 1240; x_wconf 85' lang='lat' dir='ltr'>sequens</span> 
     </span>
    </p>
   </div>
   <div class='ocr_carea' id='block_1_6' title="bbox 276 1334 1861 1802">
    <p class='ocr_par' dir='ltr' id='par_1_6' title="bbox 276 1334 1861 1802">
     <span class='ocr_line' id='line_1_6' title="bbox 545 1334 994 1409; baseline 0.016 -7"><span class='ocrx_word' id='word_1_25' title='bbox 545 1334 695 1405; x_wconf 57' lang='grc' dir='ltr'>ΗΜ)</span> <span class='ocrx_word' id='word_1_26' title='bbox 711 1337 844 1408; x_wconf 56' lang='lat' dir='ltr'>(uafro)</span> <span class='ocrx_word' id='word_1_27' title='bbox 859 1337 994 1409; x_wconf 49' lang='lat' dir='ltr'>(stan)</span> 
     </span>
     <span class='ocr_line' id='line_1_7' title="bbox 487 1426 1069 1498; baseline 0.005 -19"><span class='ocrx_word' id='word_1_28' title='bbox 487 1426 1069 1498; x_wconf 61' lang='lat' dir='ltr'>(m-ullm4n)(m-r-2n)(m-r-3u)’</span> 
     </span>
     <span class='ocr_line' id='line_1_8' title="bbox 276 1586 1861 1683; baseline -0.003 -21"><span class='ocrx_word' id='word_1_29' title='bbox 276 1586 376 1662; x_wconf 83' lang='lat' dir='ltr'><strong>Unde</strong></span> <span class='ocrx_word' id='word_1_30' title='bbox 416 1587 488 1679; x_wconf 88' lang='lat' dir='ltr'>jam</span> <span class='ocrx_word' id='word_1_31' title='bbox 533 1591 619 1661; x_wconf 85' lang='lat' dir='ltr'>satis</span> <span class='ocrx_word' id='word_1_32' title='bbox 664 1591 792 1683; x_wconf 59' lang='lat' dir='ltr'>liquet7</span> <span class='ocrx_word' id='word_1_33' title='bbox 845 1591 1003 1663; x_wconf 89' lang='lat' dir='ltr'>omnibus</span> <span class='ocrx_word' id='word_1_34' title='bbox 1047 1591 1205 1663; x_wconf 88' lang='lat' dir='ltr'>terminis</span> <span class='ocrx_word' id='word_1_35' title='bbox 1253 1590 1379 1663; x_wconf 90' lang='lat' dir='ltr'>ablatis</span> <span class='ocrx_word' id='word_1_36' title='bbox 1431 1589 1571 1661; x_wconf 64' lang='lat' dir='ltr'>undem</span> <span class='ocrx_word' id='word_1_37' title='bbox 1623 1607 1861 1660; x_wconf 90' lang='lat' dir='ltr'>remansurum</span> 
     </span>
     <span class='ocr_line' id='line_1_9' title="bbox 276 1711 1144 1802; baseline 0.005 -19"><span class='ocrx_word' id='word_1_38' title='bbox 276 1717 350 1784; x_wconf 82' lang='lat' dir='ltr'>esse</span> <span class='ocrx_word' id='word_1_39' title='bbox 377 1711 442 1784; x_wconf 89' lang='lat' dir='ltr'>hoc</span> <span class='ocrx_word' id='word_1_40' title='bbox 467 1714 672 1802; x_wconf 87' lang='lat' dir='ltr'>productum</span> <span class='ocrx_word' id='word_1_41' title='bbox 699 1715 734 1786; x_wconf 91' lang='lat' dir='ltr'>in</span> <span class='ocrx_word' id='word_1_42' title='bbox 761 1712 931 1787; x_wconf 88' lang='lat' dir='ltr'>infinitum</span> <span class='ocrx_word' id='word_1_43' title='bbox 960 1736 1144 1788; x_wconf 83' lang='lat' dir='ltr'>excurrens</span> 
     </span>
    </p>
   </div>
   <div class='ocr_carea' id='block_1_7' title="bbox 375 1884 1220 1987">
    <p class='ocr_par' dir='ltr' id='par_1_7' title="bbox 375 1884 1220 1987">
     <span class='ocr_line' id='line_1_10' title="bbox 375 1884 1220 1987; baseline 0.012 -20"><span class='ocrx_word' id='word_1_44' title='bbox 375 1884 379 1891; x_wconf 32' lang='lat'>¹</span> <span class='ocrx_word' id='word_1_45' title='bbox 550 1904 698 1985; x_wconf 62' lang='lat' dir='ltr'>olm</span> <span class='ocrx_word' id='word_1_46' title='bbox 715 1904 997 1975; x_wconf 68' lang='lat' dir='ltr'>1s÷2nllr÷³nl</span> <span class='ocrx_word' id='word_1_47' title='bbox 1014 1904 1147 1987; x_wconf 48' lang='lat' dir='ltr'>(uun)</span> <span class='ocrx_word' id='word_1_48' title='bbox 1164 1906 1220 1976; x_wconf 72' lang='lat' dir='ltr'>(ecc.</span> 
     </span>
    </p>
   </div>
   <div class='ocr_carea' id='block_1_8' title="bbox 485 1991 1311 2065">
    <p class='ocr_par' dir='ltr' id='par_1_8' title="bbox 485 1991 1311 2065">
     <span class='ocr_line' id='line_1_11' title="bbox 485 1991 1311 2065; baseline 0.004 -3"><span class='ocrx_word' id='word_1_49' title='bbox 485 1993 603 2062; x_wconf 57' lang='grc' dir='ltr'>(ηδ-μ)</span> <span class='ocrx_word' id='word_1_50' title='bbox 620 1993 737 2064; x_wconf 61' lang='lat' dir='ltr'>(Mn)</span> <span class='ocrx_word' id='word_1_51' title='bbox 753 1994 894 2064; x_wconf 53' lang='grc' dir='ltr'>(ΤΗ-291)</span> <span class='ocrx_word' id='word_1_52' title='bbox 911 1994 1052 2065; x_wconf 64' lang='lat' dir='ltr'>(m43&#39;2)</span> <span class='ocrx_word' id='word_1_53' title='bbox 1069 1993 1209 2065; x_wconf 46' lang='lat' dir='ltr'>(nm-4⁹¹)</span> <span class='ocrx_word' id='word_1_54' title='bbox 1226 1994 1283 2065; x_wconf 61' lang='grc' dir='ltr'>(Μ</span> <span class='ocrx_word' id='word_1_55' title='bbox 1303 1991 1311 2011; x_wconf 79' lang='lat'>‘</span> 
     </span>
    </p>
   </div>
   <div class='ocr_carea' id='block_1_9' title="bbox 272 2282 1859 2557">
    <p class='ocr_par' dir='ltr' id='par_1_9' title="bbox 272 2282 1859 2557">
     <span class='ocr_line' id='line_1_12' title="bbox 459 2282 1859 2394; baseline -0.001 -38"><span class='ocrx_word' id='word_1_56' title='bbox 459 2282 492 2377; x_wconf 63' lang='grc' dir='ltr'>ἓ.</span> <span class='ocrx_word' id='word_1_57' title='bbox 543 2288 601 2356; x_wconf 87' lang='lat'>17.</span> <span class='ocrx_word' id='word_1_58' title='bbox 683 2285 802 2358; x_wconf 85' lang='lat' dir='ltr'>Facile</span> <span class='ocrx_word' id='word_1_59' title='bbox 847 2292 960 2358; x_wconf 86' lang='lat' dir='ltr'>autem</span> <span class='ocrx_word' id='word_1_60' title='bbox 1005 2286 1213 2378; x_wconf 85' lang='lat' dir='ltr'>intelligitur</span> <span class='ocrx_word' id='word_1_61' title='bbox 1256 2286 1406 2357; x_wconf 83' lang='lat' dir='ltr'>valorem</span> <span class='ocrx_word' id='word_1_62' title='bbox 1453 2284 1556 2376; x_wconf 89' lang='lat' dir='ltr'>hujus</span> <span class='ocrx_word' id='word_1_63' title='bbox 1601 2283 1759 2394; x_wconf 80' lang='lat' dir='ltr'>producti</span> <span class='ocrx_word' id='word_1_64' title='bbox 1803 2303 1859 2355; x_wconf 90' lang='lat' dir='ltr'>re·</span> 
     </span>
     <span class='ocr_line' id='line_1_13' title="bbox 272 2418 1858 2557; baseline -0.001 -51"><span class='ocrx_word' id='word_1_65' title='bbox 272 2455 357 2507; x_wconf 87' lang='lat' dir='ltr'>vers</span> <span class='ocrx_word' id='word_1_66' title='bbox 408 2433 516 2507; x_wconf 91' lang='lat' dir='ltr'>nihilo</span> <span class='ocrx_word' id='word_1_67' title='bbox 570 2456 645 2508; x_wconf 89' lang='lat' dir='ltr'>esse</span> <span class='ocrx_word' id='word_1_68' title='bbox 689 2438 881 2528; x_wconf 84' lang='lat' dir='ltr'>aequalem.</span> <span class='ocrx_word' id='word_1_69' title='bbox 948 2418 1082 2512; x_wconf 83' lang='lat' dir='ltr'>Omisso</span> <span class='ocrx_word' id='word_1_70' title='bbox 1127 2438 1217 2509; x_wconf 92' lang='lat' dir='ltr'>enim</span> <span class='ocrx_word' id='word_1_71' title='bbox 1272 2439 1382 2529; x_wconf 88' lang='lat' dir='ltr'>primo</span> <span class='ocrx_word' id='word_1_72' title='bbox 1436 2434 1567 2508; x_wconf 80' lang='lat' dir='ltr'>factore</span> <span class='ocrx_word' id='word_1_73' title='bbox 1612 2420 1711 2557; x_wconf 46' lang='lat' dir='ltr'>iffi]</span> <span class='ocrx_word' id='word_1_74' title='bbox 1723 2490 1731 2527; x_wconf 92' lang='lat'>,</span> <span class='ocrx_word' id='word_1_75' title='bbox 1787 2454 1858 2506; x_wconf 91' lang='lat' dir='ltr'>om·</span> 
     </span>
    </p>
   </div>
   <div class='ocr_carea' id='block_1_10' title="bbox 272 2585 1863 3302">
    <p class='ocr_par' dir='ltr' id='par_1_10' title="bbox 272 2585 1863 3302">
     <span class='ocr_line' id='line_1_14' title="bbox 272 2585 1863 2683; baseline -0.001 -26"><span class='ocrx_word' id='word_1_76' title='bbox 272 2606 352 2683; x_wconf 22' lang='lat' dir='ltr'>nes·</span> <span class='ocrx_word' id='word_1_77' title='bbox 387 2587 511 2677; x_wconf 86' lang='lat' dir='ltr'>reliqui</span> <span class='ocrx_word' id='word_1_78' title='bbox 565 2585 711 2662; x_wconf 87' lang='lat' dir='ltr'>factores</span> <span class='ocrx_word' id='word_1_79' title='bbox 766 2594 847 2660; x_wconf 88' lang='lat' dir='ltr'>suut</span> <span class='ocrx_word' id='word_1_80' title='bbox 899 2586 1084 2662; x_wconf 78' lang='lat' dir='ltr'>fractiones</span> <span class='ocrx_word' id='word_1_81' title='bbox 1138 2589 1270 2661; x_wconf 91' lang='lat' dir='ltr'>nnitste</span> <span class='ocrx_word' id='word_1_82' title='bbox 1314 2589 1484 2679; x_wconf 89' lang='lat' dir='ltr'>minores,</span> <span class='ocrx_word' id='word_1_83' title='bbox 1540 2587 1621 2678; x_wconf 86' lang='lat' dir='ltr'>quis</span> <span class='ocrx_word' id='word_1_84' title='bbox 1667 2593 1768 2681; x_wconf 84' lang='grc' dir='ltr'>μ&lt;</span> <span class='ocrx_word' id='word_1_85' title='bbox 1797 2605 1863 2675; x_wconf 82' lang='lat' dir='ltr'>m,</span> 
     </span>
     <span class='ocr_line' id='line_1_15' title="bbox 273 2702 1860 2805; baseline 0 -24"><span class='ocrx_word' id='word_1_86' title='bbox 273 2716 309 2782; x_wconf 87' lang='lat' dir='ltr'>et</span> <span class='ocrx_word' id='word_1_87' title='bbox 372 2712 530 2801; x_wconf 91' lang='lat' dir='ltr'>quoniam</span> <span class='ocrx_word' id='word_1_88' title='bbox 594 2721 665 2784; x_wconf 85' lang='lat' dir='ltr'>tam</span> <span class='ocrx_word' id='word_1_89' title='bbox 728 2720 964 2787; x_wconf 84' lang='lat' dir='ltr'>numeratores</span> <span class='ocrx_word' id='word_1_90' title='bbox 1036 2735 1137 2805; x_wconf 88' lang='lat' dir='ltr'>qnam</span> <span class='ocrx_word' id='word_1_91' title='bbox 1210 2714 1485 2785; x_wconf 87' lang='lat' dir='ltr'>denominatores</span> <span class='ocrx_word' id='word_1_92' title='bbox 1544 2702 1860 2782; x_wconf 82' lang='lat' dir='ltr'>in&#39;arithmetico</span> 
     </span>
     <span class='ocr_line' id='line_1_16' title="bbox 272 2833 1861 2931; baseline 0 -27"><span class='ocrx_word' id='word_1_93' title='bbox 272 2836 511 2925; x_wconf 82' lang='lat' dir='ltr'>progressione</span> <span class='ocrx_word' id='word_1_94' title='bbox 566 2837 783 2928; x_wconf 87' lang='lat' dir='ltr'>increscunt,</span> <span class='ocrx_word' id='word_1_95' title='bbox 861 2839 934 2931; x_wconf 89' lang='lat' dir='ltr'>jam</span> <span class='ocrx_word' id='word_1_96' title='bbox 989 2841 1074 2912; x_wconf 89' lang='lat' dir='ltr'>satis</span> <span class='ocrx_word' id='word_1_97' title='bbox 1127 2846 1280 2929; x_wconf 87' lang='lat' dir='ltr'>constat,</span> <span class='ocrx_word' id='word_1_98' title='bbox 1361 2837 1514 2909; x_wconf 86' lang='lat' dir='ltr'>valorem</span> <span class='ocrx_word' id='word_1_99' title='bbox 1568 2835 1650 2907; x_wconf 87' lang='lat' dir='ltr'>tulis</span> <span class='ocrx_word' id='word_1_100' title='bbox 1702 2833 1861 2924; x_wconf 85' lang='lat' dir='ltr'>producti</span> 
     </span>
     <span class='ocr_line' id='line_1_17' title="bbox 272 2957 1858 3055; baseline 0 -27"><span class='ocrx_word' id='word_1_101' title='bbox 272 2978 395 3029; x_wconf 82' lang='lat' dir='ltr'>revers</span> <span class='ocrx_word' id='word_1_102' title='bbox 448 2979 663 3033; x_wconf 82' lang='lat' dir='ltr'>evanescere.</span> <span class='ocrx_word' id='word_1_103' title='bbox 738 2962 804 3035; x_wconf 87' lang='lat' dir='ltr'>Hic</span> <span class='ocrx_word' id='word_1_104' title='bbox 860 2971 974 3037; x_wconf 88' lang='lat' dir='ltr'>antem</span> <span class='ocrx_word' id='word_1_105' title='bbox 1030 2964 1137 3055; x_wconf 88' lang='lat' dir='ltr'>probe</span> <span class='ocrx_word' id='word_1_106' title='bbox 1191 2961 1375 3035; x_wconf 88' lang='lat' dir='ltr'>tenendum</span> <span class='ocrx_word' id='word_1_107' title='bbox 1429 2970 1504 3052; x_wconf 87' lang='lat' dir='ltr'>est,</span> <span class='ocrx_word' id='word_1_108' title='bbox 1561 2967 1600 3031; x_wconf 91' lang='lat' dir='ltr'>ut</span> <span class='ocrx_word' id='word_1_109' title='bbox 1653 2957 1858 3051; x_wconf 84' lang='lat' dir='ltr'>productum</span> 
     </span>
     <span class='ocr_line' id='line_1_18' title="bbox 272 3079 1857 3177; baseline 0.001 -27"><span class='ocrx_word' id='word_1_110' title='bbox 272 3079 481 3154; x_wconf 90' lang='lat' dir='ltr'>infinitarum</span> <span class='ocrx_word' id='word_1_111' title='bbox 527 3085 649 3156; x_wconf 89' lang='lat' dir='ltr'>talium</span> <span class='ocrx_word' id='word_1_112' title='bbox 694 3082 900 3159; x_wconf 79' lang='lat' dir='ltr'>fractionum</span> <span class='ocrx_word' id='word_1_113' title='bbox 938 3090 973 3158; x_wconf 91' lang='lat' dir='ltr'>in</span> <span class='ocrx_word' id='word_1_114' title='bbox 1014 3087 1160 3159; x_wconf 90' lang='lat' dir='ltr'>nihilum</span> <span class='ocrx_word' id='word_1_115' title='bbox 1197 3086 1320 3177; x_wconf 88' lang='lat' dir='ltr'>abeat,</span> <span class='ocrx_word' id='word_1_116' title='bbox 1376 3106 1444 3158; x_wconf 93' lang='lat' dir='ltr'>non</span> <span class='ocrx_word' id='word_1_117' title='bbox 1479 3083 1656 3174; x_wconf 83' lang='lat' dir='ltr'>sufficere,</span> <span class='ocrx_word' id='word_1_118' title='bbox 1712 3092 1752 3155; x_wconf 87' lang='lat' dir='ltr'>ut</span> <span class='ocrx_word' id='word_1_119' title='bbox 1788 3082 1857 3153; x_wconf 91' lang='lat' dir='ltr'>sin·</span> 
     </span>
     <span class='ocr_line' id='line_1_19' title="bbox 272 3205 1616 3302; baseline 0.003 -26"><span class='ocrx_word' id='word_1_120' title='bbox 272 3206 374 3295; x_wconf 82' lang='lat' dir='ltr'>gulae</span> <span class='ocrx_word' id='word_1_121' title='bbox 400 3205 585 3280; x_wconf 81' lang='lat' dir='ltr'>fractiones</span> <span class='ocrx_word' id='word_1_122' title='bbox 612 3210 682 3282; x_wconf 87' lang='lat' dir='ltr'>sint</span> <span class='ocrx_word' id='word_1_123' title='bbox 708 3213 840 3283; x_wconf 89' lang='lat' dir='ltr'>unitate</span> <span class='ocrx_word' id='word_1_124' title='bbox 868 3214 1034 3302; x_wconf 87' lang='lat' dir='ltr'>minores,</span> <span class='ocrx_word' id='word_1_125' title='bbox 1072 3212 1181 3284; x_wconf 88' lang='lat' dir='ltr'>veluti</span> <span class='ocrx_word' id='word_1_126' title='bbox 1209 3212 1325 3283; x_wconf 85' lang='lat' dir='ltr'>evenit</span> <span class='ocrx_word' id='word_1_127' title='bbox 1352 3211 1387 3281; x_wconf 95' lang='lat' dir='ltr'>in</span> <span class='ocrx_word' id='word_1_128' title='bbox 1415 3211 1478 3282; x_wconf 83' lang='lat' dir='ltr'>hac</span> <span class='ocrx_word' id='word_1_129' title='bbox 1504 3207 1616 3281; x_wconf 86' lang='lat' dir='ltr'>forma</span> 
     </span>
    </p>
   </div>
   <div class='ocr_carea' id='block_1_11' title="bbox 933 3412 1000 3480">
    <p class='ocr_par' dir='ltr' id='par_1_11' title="bbox 933 3412 1000 3480">
     <span class='ocr_line' id='line_1_20' title="bbox 933 3412 1000 3480; baseline 0 0"><span class='ocrx_word' id='word_1_130' title='bbox 933 3412 1000 3480; x_wconf 89' lang='lat' dir='ltr'>etc.</span> 
     </span>
    </p>
   </div>
   <div class='ocr_carea' id='block_1_12' title="bbox 272 3556 1704 3696">
    <p class='ocr_par' dir='ltr' id='par_1_12' title="bbox 272 3556 1704 3696">
     <span class='ocr_line' id='line_1_21' title="bbox 272 3556 1704 3696; baseline 0.003 -29"><span class='ocrx_word' id='word_1_131' title='bbox 272 3595 371 3688; x_wconf 89' lang='lat' dir='ltr'>cujus</span> <span class='ocrx_word' id='word_1_132' title='bbox 397 3597 557 3688; x_wconf 87' lang='lat' dir='ltr'>producti</span> <span class='ocrx_word' id='word_1_133' title='bbox 582 3599 617 3669; x_wconf 92' lang='lat' dir='ltr'>in</span> <span class='ocrx_word' id='word_1_134' title='bbox 645 3556 813 3673; x_wconf 89' lang='lat' dir='ltr'>inlinitum</span> <span class='ocrx_word' id='word_1_135' title='bbox 841 3603 994 3692; x_wconf 87' lang='lat' dir='ltr'>protensi</span> <span class='ocrx_word' id='word_1_136' title='bbox 1021 3578 1119 3687; x_wconf 84' lang='lat' dir='ltr'>valor</span> <span class='ocrx_word' id='word_1_137' title='bbox 1147 3600 1246 3674; x_wconf 88' lang='lat' dir='ltr'>facile</span> <span class='ocrx_word' id='word_1_138' title='bbox 1274 3601 1468 3675; x_wconf 86' lang='lat' dir='ltr'>ostenditur</span> <span class='ocrx_word' id='word_1_139' title='bbox 1495 3619 1569 3671; x_wconf 90' lang='lat' dir='ltr'>esse</span> <span class='ocrx_word' id='word_1_140' title='bbox 1598 3630 1646 3661; x_wconf 94' lang='lat'><strong><em>=</em></strong></span> <span class='ocrx_word' id='word_1_141' title='bbox 1674 3595 1704 3696; x_wconf 64' lang='grc' dir='ltr'>ξ.</span> 
     </span>
    </p>
   </div>
   <div class='ocr_carea' id='block_1_13' title="bbox 271 3917 1854 4257">
    <p class='ocr_par' dir='ltr' id='par_1_13' title="bbox 271 3917 1854 4257">
     <span class='ocr_line' id='line_1_22' title="bbox 456 3917 1854 4013; baseline 0 -23"><span class='ocrx_word' id='word_1_142' title='bbox 456 3917 488 4010; x_wconf 79' lang='lat'>§.</span> <span class='ocrx_word' id='word_1_143' title='bbox 548 3923 606 3992; x_wconf 87' lang='lat'>18.</span> <span class='ocrx_word' id='word_1_144' title='bbox 687 3920 853 4009; x_wconf 79' lang='lat' dir='ltr'>Quoniam</span> <span class='ocrx_word' id='word_1_145' title='bbox 907 3923 943 3993; x_wconf 94' lang='lat' dir='ltr'>in</span> <span class='ocrx_word' id='word_1_146' title='bbox 996 3927 1112 3994; x_wconf 91' lang='lat' dir='ltr'>nostro</span> <span class='ocrx_word' id='word_1_147' title='bbox 1167 3922 1335 4013; x_wconf 89' lang='lat' dir='ltr'>producto</span> <span class='ocrx_word' id='word_1_148' title='bbox 1392 3919 1520 4011; x_wconf 86' lang='lat' dir='ltr'>singuli</span> <span class='ocrx_word' id='word_1_149' title='bbox 1583 3919 1854 3991; x_wconf 89' lang='lat' dir='ltr'>denominatores</span> 
     </span>
     <span class='ocr_line' id='line_1_23' title="bbox 272 4042 1854 4137; baseline 0 -24"><span class='ocrx_word' id='word_1_150' title='bbox 272 4048 438 4132; x_wconf 87' lang='lat' dir='ltr'>superant</span> <span class='ocrx_word' id='word_1_151' title='bbox 490 4063 570 4115; x_wconf 91' lang='lat' dir='ltr'>suos</span> <span class='ocrx_word' id='word_1_152' title='bbox 623 4051 859 4117; x_wconf 88' lang='lat' dir='ltr'>numeratores</span> <span class='ocrx_word' id='word_1_153' title='bbox 912 4046 1029 4119; x_wconf 82' lang='lat' dir='ltr'>eedem</span> <span class='ocrx_word' id='word_1_154' title='bbox 1085 4046 1279 4137; x_wconf 86' lang='lat' dir='ltr'>quantitate</span> <span class='ocrx_word' id='word_1_155' title='bbox 1323 4067 1358 4116; x_wconf 86' lang='lat' dir='ltr'>m</span> <span class='ocrx_word' id='word_1_156' title='bbox 1384 4086 1436 4096; x_wconf 94' lang='lat'><strong>—</strong></span> <span class='ocrx_word' id='word_1_157' title='bbox 1465 4068 1510 4135; x_wconf 71' lang='grc' dir='ltr'>μ,</span> <span class='ocrx_word' id='word_1_158' title='bbox 1564 4044 1665 4115; x_wconf 87' lang='lat' dir='ltr'>istam</span> <span class='ocrx_word' id='word_1_159' title='bbox 1711 4042 1854 4114; x_wconf 89' lang='lat' dir='ltr'>formam</span> 
     </span>
     <span class='ocr_line' id='line_1_24' title="bbox 271 4166 768 4257; baseline 0.006 -20"><span class='ocrx_word' id='word_1_160' title='bbox 271 4166 518 4257; x_wconf 83' lang='lat' dir='ltr'>generaliorem</span> <span class='ocrx_word' id='word_1_161' title='bbox 546 4168 768 4249; x_wconf 90' lang='lat' dir='ltr'>considerabo</span> 
     </span>
    </p>
   </div>
   <div class='ocr_carea' id='block_1_14' title="bbox 481 4375 1257 4505">
    <p class='ocr_par' dir='ltr' id='par_1_14' title="bbox 481 4375 1257 4505">
     <span class='ocr_line' id='line_1_25' title="bbox 518 4375 536 4411; baseline 0 0"><span class='ocrx_word' id='word_1_162' title='bbox 518 4375 536 4411; x_wconf 80' lang='lat' dir='ltr'><strong><em>a</em></strong></span> 
     </span>
     <span class='ocr_line' id='line_1_26' title="bbox 481 4400 1257 4505; baseline 0.005 -4"><span class='ocrx_word' id='word_1_163' title='bbox 481 4400 1257 4505; x_wconf 52' lang='lat' dir='ltr'>msa-amurumelst</span> 
     </span>
    </p>
   </div>
   <div class='ocr_carea' id='block_1_15' title="bbox 270 4608 1923 4831">
    <p class='ocr_par' dir='ltr' id='par_1_15' title="bbox 270 4608 1923 4831">
     <span class='ocr_line' id='line_1_27' title="bbox 271 4608 1852 4706; baseline 0.001 -27"><span class='ocrx_word' id='word_1_164' title='bbox 271 4616 307 4679; x_wconf 88' lang='lat' dir='ltr'>et</span> <span class='ocrx_word' id='word_1_165' title='bbox 360 4612 623 4706; x_wconf 85' lang='lat' dir='ltr'>perscrutabor,</span> <span class='ocrx_word' id='word_1_166' title='bbox 696 4613 759 4684; x_wconf 87' lang='lat' dir='ltr'>sub</span> <span class='ocrx_word' id='word_1_167' title='bbox 814 4615 1015 4704; x_wconf 87' lang='lat' dir='ltr'>quibusnam</span> <span class='ocrx_word' id='word_1_168' title='bbox 1069 4615 1321 4686; x_wconf 86' lang='lat' dir='ltr'>conditionibus</span> <span class='ocrx_word' id='word_1_169' title='bbox 1374 4613 1449 4705; x_wconf 88' lang='lat' dir='ltr'>ejus</span> <span class='ocrx_word' id='word_1_170' title='bbox 1502 4613 1599 4684; x_wconf 88' lang='lat' dir='ltr'>valor</span> <span class='ocrx_word' id='word_1_171' title='bbox 1652 4613 1687 4681; x_wconf 93' lang='lat' dir='ltr'>in</span> <span class='ocrx_word' id='word_1_172' title='bbox 1740 4608 1852 4682; x_wconf 91' lang='lat' dir='ltr'>infini-</span> 
     </span>
     <span class='ocr_line' id='line_1_28' title="bbox 270 4734 1923 4831; baseline 0.001 -27"><span class='ocrx_word' id='word_1_173' title='bbox 270 4738 344 4804; x_wconf 90' lang='lat' dir='ltr'>tum</span> <span class='ocrx_word' id='word_1_174' title='bbox 389 4740 571 4828; x_wconf 83' lang='lat' dir='ltr'>extensus,</span> <span class='ocrx_word' id='word_1_175' title='bbox 625 4737 684 4828; x_wconf 86' lang='lat' dir='ltr'>qui</span> <span class='ocrx_word' id='word_1_176' title='bbox 729 4738 776 4808; x_wconf 91' lang='lat' dir='ltr'>sit</span> <span class='ocrx_word' id='word_1_177' title='bbox 820 4739 872 4830; x_wconf 87' lang='lat' dir='ltr'>ll,</span> <span class='ocrx_word' id='word_1_178' title='bbox 928 4760 1048 4812; x_wconf 86' lang='lat' dir='ltr'>revera</span> <span class='ocrx_word' id='word_1_179' title='bbox 1083 4741 1128 4831; x_wconf 80' lang='lat' dir='ltr'>in</span> <span class='ocrx_word' id='word_1_180' title='bbox 1173 4738 1317 4810; x_wconf 90' lang='lat' dir='ltr'>nihilum</span> <span class='ocrx_word' id='word_1_181' title='bbox 1362 4738 1407 4808; x_wconf 89' lang='lat' dir='ltr'>sit</span> <span class='ocrx_word' id='word_1_182' title='bbox 1451 4736 1621 4808; x_wconf 85' lang='lat' dir='ltr'>abiturus.</span> <span class='ocrx_word' id='word_1_183' title='bbox 1700 4734 1853 4807; x_wconf 82' lang='lat' dir='ltr'>Evidens</span> <span class='ocrx_word' id='word_1_184' title='bbox 1921 4747 1923 4752; x_wconf 84' lang='grc'><strong>’</strong></span> 
     </span>
    </p>
   </div>
   <div class='ocr_carea' id='block_1_16' title="bbox 0 0 2120 5670">
    <p class='ocr_par' dir='ltr' id='par_1_16' title="bbox 0 0 2120 5670">
     <span class='ocr_line' id='line_1_29' title="bbox 0 0 2120 5670; baseline 0 1"><span class='ocrx_word' id='word_1_185' title='bbox 0 0 2120 5670; x_wconf 95' lang='lat' dir='ltr'> </span> 
     </span>
    </p>
   </div>
  </div>
 </body>
</html>
