4216 5676
259 513 335 582 aar
796 503 1180 619 smrnnmnuvuu
1235 506 1304 581 xr.

257 770 348 822 nuno
400 749 510 839 igitur
562 767 640 837 pro·
678 745 870 818 variatione
925 766 986 818 seu
1031 739 1067 824 rit
1100 711 1183 874 (ἐξ)
1226 749 1431 821 invenienda
1475 749 1579 822 scribi
1623 749 1764 823 debebit
1807 756 1854 821 ut

259 901 419 991 sequitur

470 1043 651 1139 oa=0;
698 1015 976 1175 afflat-‚eb
1024 1016 1551 1179 op=a(22;)=a(Q);

472 1182 515 1319 (iq
534 1258 580 1290 =
603 1192 793 1356 stiffi-{sp
839 1222 882 1305 ὂν
902 1193 1161 1357 =0t(5}{3);
1207 1235 1273 1302 eto.

259 1404 363 1489 atque
391 1398 539 1471 variatio
566 1398 722 1488 quaesita
749 1397 819 1469 erit

471 1530 602 1692 ΜΞ)
622 1598 668 1629 =
688 1559 757 1643 Not
774 1530 846 1693 (ἐξ)
865 1589 915 1636 -r-
928 1559 993 1644 Poe
1011 1533 1119 1692 (ἕξ-ι)
1138 1590 1187 1636 ÷
1203 1559 1271 1655 Qot
1288 1534 1407 1695 (δί-ᾗ)
1426 1592 1475 1638 ÷
1490 1561 1561 1646 aot
1578 1532 1695 1694 (jz-gt)
1715 1592 1762 1636 -e-
1778 1572 1849 1638 ete.

258 1736 350 1807 unde
377 1737 534 1826 sequitur
560 1735 728 1808 divisione
754 1756 818 1827 per
845 1729 880 1813 ot
906 1734 999 1808 iacta
1025 1734 1098 1808 fore

470 1869 1676 2033 eesternerentur—euv-

446 2126 479 2217 ξ.
538 2129 572 2197 9.
656 2126 711 2198 Sit
772 2148 861 2198 nune
927 2128 1031 2200 etiarn
1095 2130 1268 2219 expressio
1335 2147 1559 2218 quaeeunque
1624 2130 1721 2201 tertii
1785 2152 1849 2221 ge-

260 2252 355 2322 neris
416 2251 594 2342 proposita
651 2241 812 2352 sza,
893 2251 952 2322 ubi
1016 2252 1045 2325 Z
1108 2253 1155 2324 sit
1216 2250 1347 2324 iunctio
1410 2273 1634 2343 quaeeunque
1695 2255 1849 2343 ipsarum

259 2394 302 2463 a,
346 2398 390 2465 y,
431 2396 481 2468 p,
525 2397 566 2466 q,
616 2398 656 2466 r,
712 2381 778 2448 eto.
834 2377 885 2446 ita
938 2381 977 2447 ut
1031 2398 1093 2467 per
1146 2377 1465 2449 differentiationem
1521 2377 1729 2451 ordinariam
1782 2379 1848 2449 ba-
1997 2437 1999 2442 .

259 2497 383 2572 beatur
472 2615 1510 2716 oZ=Mor÷Noo÷Pop÷Qoq÷Ror÷ete

260 2787 319 2858 ubi
365 2787 502 2877 quidem
546 2768 713 2856 haetenus
757 2783 850 2855 nulla
895 2785 986 2855 ratio
1032 2805 1140 2856 novae
1186 2786 1359 2858 variabilis
1398 2791 1411 2857 t
1450 2792 1504 2857 est
1547 2785 1687 2877 habita,
1741 2792 1848 2877 atoue

260 2912 446 3002 integratio
509 2910 674 2982 formulae
737 2910 932 3000 propositae
984 2900 1122 3011 JZria
1173 2932 1234 2999 per
1297 2912 1404 2982 solam
1464 2910 1665 2981 variabilem
1717 2930 1740 2979 a
1793 2914 1849 2980 est

262 3037 493 3126 expedienda,
550 3056 616 3125 quo
652 3034 854 3122 observato,
909 3034 1064 3122 quaestio
1101 3035 1166 3105 bue
1203 3034 1313 3126 redit,
1369 3041 1408 3105 ut
1444 3036 1473 3105 si
1506 3035 1578 3126 jam
1613 3058 1636 3125 o
1672 3039 1712 3104 ut
1746 3031 1846 3104 fune·

262 3164 311 3233 tio
366 3161 522 3231 binarum
576 3159 790 3229 variabilium
837 3181 860 3227 e
905 3164 941 3228 et
984 3163 998 3227 t
1042 3159 1278 3230 consideretur
1332 3166 1367 3230 et
1421 3160 1550 3248 ubique
1604 3160 1779 3250 quantitas
1823 3182 1848 3247 y

262 3313 431 3382 elemento
475 3305 512 3388 rit
556 3276 627 3435 (ἐξ)
671 3316 861 3400 augeatur,
916 3317 1135 3398 augmentum
1192 3312 1283 3400 quod
1337 3311 1413 3399 ipsa
1466 3310 1613 3381 formula
1666 3309 1847 3399 integralis

260 3454 398 3565 [zoa
453 3462 530 3533 iude
584 3462 695 3550 capiet
749 3457 954 3549 definiatur,
1010 3461 1074 3532 hoe
1116 3464 1205 3533 enim
1262 3466 1483 3552 augmentum
1537 3464 1612 3553 ipsa
1666 3462 1733 3532 erit
1785 3481 1846 3531 va·

263 3589 364 3658 riatio
392 3585 560 3658 formulae
588 3584 765 3674 integralis
792 3584 1000 3673 prepositae.

449 3783 480 3873 ξ.
514 3785 572 3852 10.
639 3779 753 3869 Quare
807 3780 850 3849 ad
905 3779 991 3849 banc
1047 3780 1267 3849 variationem
1322 3779 1556 3850 inveniendam
1610 3780 1642 3849 in
1698 3777 1847 3851 functio-

264 3955 306 4004 ne
351 3934 413 4002 illa
457 3931 484 4003 Z
531 3931 656 4019 ubique
700 3931 775 4000 loco
819 3953 841 4019 y
886 3929 1058 4001 scribatur
1112 3932 1186 4021 ejus
1239 3916 1335 4003 valor
1388 3936 1511 4002 auctus
1562 3956 1585 4021 ⁸o
1614 3955 1663 4000 -r-
1691 3925 1727 4047 rit
1753 3897 1846 4057 (ἐξ),

262 4114 378 4202 sieque
431 4117 471 4181 ut
523 4115 604 4181 aute
653 4111 826 4200 ‘vidimum
888 4110 962 4199 ipsa
1016 4110 1145 4180 functio
1190 4109 1218 4181 Z
1265 4117 1484 4200 augmentum
1540 4111 1652 4200 capiet
1706 4075 1782 4233 rit(

262 4311 304 4360 ex
358 4308 425 4379 quo
480 4290 554 4377 ipsa
607 4286 755 4358 formula
807 4287 985 4375 integralis
1038 4292 1259 4376 augmentum
1314 4288 1408 4377 capit
1456 4287 1520 4359 hoo
1562 4277 1644 4389 Jot
1670 4252 1751 4413 (ἐξ)
1777 4279 1844 4377 rie,

263 4441 353 4530 quod
398 4442 467 4510 erit
512 4439 587 4529 ipsa
630 4439 774 4509 variatio
820 4438 984 4528 quaesita.
1060 4436 1227 4526 Quoniam
1275 4459 1355 4509 vero
1410 4439 1444 4508 in
1499 4440 1563 4509 baa
1617 4438 1846 4528 integratione

263 4566 335 4635 sola
378 4585 402 4634 a
446 4584 510 4654 pro
556 4564 711 4635 variabili
766 4562 912 4633 habetur
965 4564 1171 4634 elementum
1217 4557 1254 4639 ot
1298 4569 1376 4634 ante
1426 4564 1560 4653 signum
1615 4563 1694 4653 poni
1748 4566 1846 4651 pote·

262 4717 308 4786 rit
334 4717 383 4786 ita
410 4721 449 4786 ut
472 4716 544 4806 jam
573 4716 717 4786 variatio
744 4714 863 4786 futura
890 4715 935 4785 sit
957 4745 1002 4776 =
1024 4708 1060 4792 ot
1075 4705 1098 4817 J
1116 4708 1160 4792 da
1177 4681 1266 4841 (ἐξ).
