4230 5670
307 467 392 534 402
839 443 1260 524 SUPPLEMENTUM
1317 443 1363 517 V.

308 672 405 746 quae
440 648 553 719 ambo
588 641 792 743 integralia
827 664 851 715 a
883 612 1037 716 zsso
1079 662 1199 738 usque
1234 637 1284 711 ad
1318 648 1468 715 πεί
1510 660 1600 714 sunt
1633 642 1927 758 extendenda,m

303 802 362 874 Ex
396 796 452 871 his
487 807 615 870 autem
648 790 845 867 valoribus
879 790 911 864 A
946 807 986 863 et
1021 788 1053 860 B
1088 786 1161 862 erit
1193 810 1213 860 s
1241 752 1386 904 :33
1436 782 1554 883 ipsius
1589 783 1703 885 igitur
1737 787 1892 863 fractio·

305 967 364 1042 nis
398 942 626 1066 propositae
659 960 771 1043 vator
803 957 877 1036 erit
911 978 974 1041 Ξ
994 954 1088 1036 b÷
1105 943 1122 1038 i
1138 979 1200 1034 z:
1217 953 1239 1030 b
1254 973 1311 1036 —t-
1326 929 1388 1073 {-

501 1319 532 1426 ᾗ.
571 1326 677 1395 231.
743 1317 856 1411 Quod
898 1316 930 1392 si
971 1315 1032 1392 hie
1066 1324 1236 1415 ponatur
1270 1301 1436 1406 6:2',
1486 1314 1619 1414 prodit
1657 1341 1770 1393 casus
1804 1330 1895 1394 ante

304 1449 499 1552 expositus
542 1473 566 1523 a
607 1445 842 1546 quadratura
883 1444 1014 1521 circuli
1055 1445 1254 1544 pendens,
1303 1442 1445 1541 quippe
1481 1468 1556 1540 quo
1592 1470 1695 1540 ,casu
1729 1447 1894 1522 formula

166 1609 198 1669 f
304 1583 348 1656 fit
398 1576 610 1653 rationalis.
680 1572 844 1668 Quando
896 1576 1024 1649 autem
1079 1583 1316 1671 exponentes
1357 1555 1438 1688 ξ]
1478 1587 1515 1647 et
1557 1557 1635 1687 ⁶ss
1687 1598 1765 1649 uon
1809 1592 1897 1650 sunt

307 1706 457 1787 numeri
498 1700 659 1812 integri,
710 1714 788 1777 tum
831 1701 977 1782 litteras
1025 1688 1127 1780 Oet
1161 1701 1193 1773 B
1236 1678 1363 1799 neque
1405 1725 1477 1804 per
1518 1726 1633 1778 arcus
1674 1701 1894 1793 circulares,

307 1858 432 1932 neque
482 1856 553 1933 per
602 1830 855 1931 logarithmos
908 1827 1126 1930 exprimere
1177 1826 1309 1938 licet..
1347 1829 1470 1910 Veluti
1515 1833 1545 1908 si
1587 1831 1701 1918 suerit
1733 1830 1895 1921 oza,

307 1963 380 2038 erit

504 2074 1041 2346 Azsiztsit-ZZ)
1181 2091 1182 2094 ‘

968 2230 983 2284 3
1060 2217 1071 2251 1

698 2403 700 2406 .
760 2284 986 2419 (ta-az)5

309 2549 416 2649 eujus
465 2544 576 2622 valor
625 2568 697 2646 per
748 2567 862 2620 arcus
912 2541 1099 2644 ellipticos
1143 2518 1321 2623 *exhiberi
1364 2556 1512 2646 posset.
1578 2547 1628 2621 At
1661 2546 1693 2625 ai
1728 2545 1750 2621 b
1785 2545 1898 2621 suerit

307 2699 489 2751 numerus
536 2673 674 2772 impar,
725 2671 763 2747 hi
810 2675 964 2749 valores
1016 2672 1136 2747 multo
1185 2675 1309 2776 magis
1356 2675 1525 2751 evadunt
1565 2675 1896 2765 transcendentem

307 2804 360 2878 ita
410 2816 451 2879 ut
492 2800 550 2877 his
592 2800 685 2899 ipsis
729 2800 862 2877 litteris
904 2803 934 2875 Α
969 2810 1008 2874 et
1045 2801 1074 2876 B
1116 2800 1325 2885 debeamus
1370 2826 1467 2880 ease,
1493 2805 1679 2884 contenti.
1747 2804 1897 2878 Contra

308 2946 437 3003 autem
482 2930 512 3003 si
555 2938 794 3035 exponentes
837 2929 887 3002 illi
930 2929 1023 3001 fiant
1064 2930 1210 3007 numeri
1244 2931 1396 3033 integri,
1438 2944 1559 3015 totum
1592 2932 1789 3034 negotium
1825 2955 1897 3029 per

311 3081 425 3132 arcus
460 3055 668 3133 circulares
704 3057 885 3154 expedire
920 3044 1058 3134 licebit.
1743 3083 1745 3087 ⁴

506 3377 535 3486 ξ.
576 3387 680 3454 232.
746 3378 995 3479 Exponentes
1037 3394 1165 3463 autem
1210 3382 1259 3458 illi
1297 3368 1376 3500 ⁶72²
1409 3400 1447 3464 et
1481 3366 1560 3501 {ssss
1603 3403 1716 3461 erunt
1750 3386 1897 3460 numeri

310 3509 464 3611 integri,
500 3509 650 3608 quoties
685 3507 798 3583 suerit
833 3509 854 3583 b
888 3535 1070 3589 numerus
1104 3513 1213 3613 hujus
1248 3513 1398 3597 formae
1433 3517 1547 3595 b:
1575 3516 1627 3591 dii
1653 3536 1709 3596 —t—
1732 3523 1771 3609 2,
1817 3530 1897 3589 tum

312 3639 412 3715 enim
447 3638 520 3714 erit
1327 3646 1330 3654 '
1391 3664 1393 3668 ’

313 4492 411 4565 quos
464 4493 558 4570 ergo
610 4495 724 4548 casus
774 4474 969 4570 quomodo
1010 4474 1138 4552 evolvi
1181 4489 1384 4582 oporteat,
1434 4503 1579 4581 operae
1621 4480 1786 4582 pretium
1828 4480 1900 4558 erit

312 4597 467 4723 nocere,
500 4600 682 4697 quoniam
716 4600 927 4679 Wallisius
959 4627 1027 4681 eos
1057 4604 1140 4706 jam
1174 4619 1233 4686 eat
1265 4610 1562 4712 contemplatus.
1619 4674 1625 4683 .
