4216 5676
264 492 337 562 ava
536 599 538 603 y
810 484 1202 562 surrususuruu
1254 485 1300 558 x.

258 709 423 795 tanquam
487 700 696 775 functionem
763 702 873 794 ipsius
935 707 950 773 t
1009 704 1162 774 tractme
1226 700 1358 774 licebit.
1440 698 1521 774 lam
1584 700 1666 774 alim
1733 708 1853 776 autem
1981 734 1987 747 ·

258 849 279 901 a
331 849 387 905 me
439 826 584 919 aliisque
638 830 811 899 ostensum
866 831 938 916 est,
1020 824 1189 917 quamodo
1242 825 1323 899 talis
1377 826 1536 917 aequatio
1589 828 1735 900 tractari
1789 826 1852 899 ‹ie-

258 953 358 1046 beat‚
429 972 531 1043 quam
584 971 667 1041 ergo
721 950 950 1026 evolutionem
1004 950 1059 1023 bia
1113 954 1271 1042 repetere
1324 948 1534 1044 superfluum
1588 951 1689 1024 foret.
1769 950 1853 1025 Sui·

259 1075 355 1150 fiaiat
408 1077 500 1150 enim
545 1080 702 1168 notasse,
783 1074 947 1148 valorem
990 1075 1099 1166 ipsius
1152 1098 1174 1165 y
1226 1094 1290 1166 per
1343 1076 1508 1147 terminas
1562 1075 1666 1169 hujus
1718 1073 1854 1149 formae

256 1180 356 1305 W
373 1194 441 1280 ule
494 1199 681 1293 assignari,
762 1221 839 1273 eum
891 1200 1002 1289 igitur
1055 1219 1119 1290 per
1171 1199 1279 1272 solam
1334 1200 1534 1274 variabilem
1586 1206 1600 1273 t
1654 1201 1853 1294 exprimere

259 1325 398 1420 licebit,
444 1327 561 1417 sicque
588 1326 693 1399 etiam
717 1347 742 1416 y
767 1321 1065 1417 perfunctionem
1093 1323 1201 1416 ipsius
1227 1329 1241 1396 t
1267 1323 1460 1398 definietur.

842 1572 1152 1646 Problema
1209 1577 1267 1645 11.

444 1753 568 1846 §.la
627 1750 736 1824 Posito
773 1748 1373 1843 p÷fq÷9r÷ba=t,
1426 1747 1632 1839 abfuerint
1679 1750 1853 1826 Tua

257 1879 449 1971 sumana
510 1897 724 1968 quaeeunque
785 1874 896 1965 ipsias
956 1880 991 1964 t,
1071 1873 1142 1947 aaa
1203 1873 1412 1967 albaram
1472 1876 1544 1947 aiae
1605 1875 1853 1949 amarandus·

258 2011 328 2097 tea,
375 2026 416 2077 aa
436 2000 616 2095 proposita
643 1999 748 2090 fuerit
774 2000 854 2072 talis
882 1999 1036 2091 equulo
1063 1995 1303 2087 differentialis
1328 2001 1595 2094 witmundus

470 2195 1160 2291 y-r-fp-r-qqx-v-br-u-ssass,

258 2396 298 2469 ia
324 2394 399 2486 eiua
424 2393 587 2490 bueyrale
612 2393 813 2507 completiva
839 2391 1025 2487 inquirere.

926 2624 1177 2698 Salutio.

444 2803 497 2876 Sit
521 2824 613 2893 μ
631 2802 672 2895 sp
691 2827 741 2873 -v-
757 2824 799 2895 qq
818 2824 867 2871 -t-
886 2801 929 2873 br
949 2834 996 2866 =
1016 2824 1056 2894 a,
1102 2803 1237 2894 eritque
1264 2801 1525 2876 differentianda
1635 2831 1637 2834 ⁴

472 2990 1263 3089 da=0aw÷fq÷9r÷bsb=trlm

260 3199 363 3282 atque
425 3191 587 3282 aequatio
650 3191 856 3281 integranda
918 3192 977 3264 fiet
1034 3215 1127 3264 Η
1159 3191 1215 3266 &a
1245 3224 1291 3255 =
1320 3193 1368 3285 T,
1450 3215 1513 3284 pru
1567 3215 1635 3284 qua
1696 3195 1850 3288 iterum,

261 3348 372 3416 sumto
398 3309 522 3459 [ffi-
544 3374 590 3404 =
611 3365 656 3433 u,
704 3344 772 3414 erit

639 3520 674 3599 eu

470 3581 941 3726 mmleqdl,
988 3591 1419 3686 alquons—ta,

261 3852 311 3920 ita
365 3854 403 3920 ut
457 3853 528 3920 tam
580 3870 603 3919 a
657 3868 757 3938 quam
811 3871 831 3917 a
885 3869 946 3938 per
1000 3850 1104 3920 solam
1160 3849 1357 3920 variabilem
1401 3857 1414 3920 t
1459 3852 1705 3941 exprimantur.
1780 3852 1849 3924 His

260 3975 427 4063 inventis,
482 3974 511 4044 si
555 3974 589 4042 in
636 3972 836 4062 aequatione
887 3972 985 4043 initio
1040 3979 1190 4043 assumta
1244 3973 1318 4044 locu
1365 3998 1415 4064 p,
1461 3998 1501 4068 q,
1549 3999 1587 4067 r,
1633 3998 1671 4066 s,
1725 3997 1847 4047 earum

260 4100 393 4170 valeres
420 4097 695 4190 substituantur,
743 4095 894 4187 prodibit
920 4097 1006 4168 haec
1032 4098 1190 4187 aequatio
1218 4098 1314 4168 tertii
1342 4098 1470 4188 gradus

469 4281 551 4383 9613
570 4315 618 4361 ÷
638 4282 767 4383 ibru'by
786 4316 835 4361 ÷
852 4284 988 4383 ababa
1007 4317 1056 4362 ÷
1076 4282 1165 4383 uu'u
1185 4324 1232 4354 =
1253 4283 1349 4386 aba,

261 4486 360 4576 cujus
422 4487 592 4577 integrale
655 4488 860 4576 completum
924 4509 986 4577 per
1051 4508 1091 4560 ea
1153 4509 1240 4578 quae
1303 4489 1396 4561 amca
1457 4488 1651 4581 hujusmodi
1718 4508 1846 4579 aequa-

261 4610 371 4682 tioues
438 4617 518 4684 sunt
581 4613 736 4705 prolata,
819 4619 982 4702 tauquam
1051 4614 1224 4705 cognitum
1293 4617 1451 4705 spectare
1513 4613 1615 4702 licat,
1695 4613 1744 4683 ita
1807 4622 1848 4686 ut

261 4735 363 4806 etiam
418 4735 482 4807 hoe
537 4757 618 4809 casu
673 4738 792 4811 ambae
846 4738 1032 4811 variabiles
1080 4761 1104 4810 u
1148 4744 1184 4811 et
1225 4763 1249 4831 y
1293 4760 1356 4830 per
1409 4757 1530 4810 novam
1584 4736 1784 4811 variabilem
1832 4745 1846 4812 t
