4230 5670
798 493 864 567 Am
890 494 1002 568 vem.
1032 496 1058 569 1.
1115 496 1216 570 sas.
1246 495 1309 568 111.
1388 603 1392 611 Ι

263 716 378 784 autem
405 715 479 800 ast,
516 710 581 781 hee
608 709 765 801 evenire,
803 708 833 781 si
859 707 977 780 eadem
1006 706 1116 781 forma
1143 709 1281 781 inversa

259 1148 296 1218 in
339 1145 511 1220 infinitum
565 1149 743 1221 exerescit.
816 1148 876 1221 Sin
920 1157 1036 1221 autem
1091 1149 1166 1242 ejus
1219 1151 1317 1223 valor
1361 1150 1469 1226 fuerit
1512 1149 1686 1245 infinitus,
1743 1153 1848 1226 etiam

261 1270 335 1363 ejus
362 1271 589 1363 legarithmus
616 1269 771 1344 infinitus
798 1273 921 1345 evadat
947 1293 1087 1346 neeesse
1115 1280 1178 1347 est.
1236 1273 1323 1346 Oum
1351 1276 1458 1366 igitur
1484 1277 1532 1348 sit

471 1462 756 1565 ihre-te
849 1450 970 1565 'lassa
1063 1464 1184 1566 leafe
1276 1464 1398 1567 ls÷s

510 1543 608 1602 Π..
701 1518 825 1603 a*
880 1519 1039 1607 —5--s-
1095 1517 1252 1608 -3—-1-
1310 1502 1553 1607 —d—--v-ete.

260 1709 349 1786 faeta
375 1714 571 1788 evolutione
598 1714 793 1807 reperietur

1491 1908 1508 2068 i

561 2330 1506 2493 ψῌῧψὲψὲψὲψὲψω)

564 2555 608 2569 -
639 2521 704 2587 ete.

258 2727 346 2799 quae
372 2685 548 2800 expressio
576 2731 710 2800 semper
736 2711 804 2782 erit
829 2708 983 2800 infinita,
1012 2711 1145 2800 quoties
1173 2731 1306 2782 summa
1333 2711 1470 2801 primae
1498 2713 1601 2784 seriei

269 2830 280 2880 l
409 2829 423 2880 1
549 2832 563 2883 1

256 2899 293 2969 3
320 2884 368 2930 ÷
398 2901 434 2971 'ss
454 2885 520 2965 “⁸'‘
538 2903 574 2971 ἶ
602 2884 650 2931 -s-
679 2832 715 2970 ᾗ
745 2884 790 2930 ÷
821 2866 887 2934 ete.
941 2858 1049 2932 fuerit
1110 2859 1255 2934 infinita.
1338 2861 1436 2934 Hane
1498 2870 1613 2935 autem
1676 2883 1843 2936 summam

257 3031 393 3103 semper
437 3032 511 3084 esse
556 3012 747 3105 infinitam,
803 3014 937 3103 quoties
981 3014 1115 3085 numeri
1160 3035 1202 3104 a,
1239 3012 1278 3105 b,
1315 3035 1353 3104 e,
1399 3013 1443 3106 d,
1490 3021 1555 3087 ete.
1602 3015 1636 3085 in
1681 3035 1843 3116 pregres·

256 3135 351 3207 sione
404 3136 621 3210 arithmetica
674 3144 851 3228 arescunt,
902 3138 976 3228 jam
1030 3144 1148 3209 netum
1202 3143 1254 3209 est
1308 3144 1344 3210 et
1398 3159 1461 3229 per
1514 3160 1550 3210 se
1599 3139 1841 3230 perspicuum,

256 3259 346 3349 quod
390 3281 467 3332 eum
511 3262 547 3331 in
592 3268 711 3333 nestra
755 3261 844 3333 serie
889 3260 1086 3352 contingat,
1141 3268 1275 3333 eertum
1320 3268 1393 3354 est,
1448 3262 1541 3335 illius
1586 3263 1744 3352 producti
1788 3263 1842 3334 in·

256 3379 523 3458 finiti-valorem
550 3406 625 3458 esse
653 3390 921 3458 evanescentem.

441 3598 471 3692 ἓ.
532 3602 590 3671 19.
674 3597 777 3671 Circa
829 3603 983 3670 nostram
1045 3603 1160 3669 autem
1223 3598 1346 3669 seriem
1399 3598 1435 3670 id
1489 3599 1658 3689 imprimis
1719 3605 1841 3672 notatu

256 3747 398 3840 dignum
451 3749 622 3842 occurrit,
677 3748 767 3839 quod
821 3749 896 3842 ejus
950 3768 1081 3820 summa
1134 3731 1233 3869 a&
1286 3747 1440 3819 litteram
1484 3771 1509 3820 a
1553 3771 1620 3821 non
1664 3750 1838 3843 involvat,

256 3901 305 3971 ita
349 3906 390 3972 ut
434 3900 508 3993 ejus
562 3921 693 3972 summa
747 3920 882 3990 semper
935 3906 1073 3970 maneat
1118 3898 1255 3991 eadem,
1311 3884 1505 3990 quiaflque
1555 3901 1690 3972 valeres
1743 3901 1839 3974 litte·

257 4045 318 4096 rae
355 4046 380 4096 a
423 4024 642 4113 tribuantur,
698 4024 787 4113 qued
832 4022 969 4113 quidem
1014 4044 1078 4113 pro
1123 4043 1204 4095 casu
1249 4045 1350 4093 a:
1381 4028 1404 4096 0
1449 4044 1512 4113 per
1557 4046 1593 4096 se
1638 4025 1755 4097 statim
1800 4023 1840 4097 fit

241 4147 493 4241 manifestum,
531 4147 805 4240 quandoquidem
834 4155 908 4218 tum
936 4147 1043 4220 series
1070 4153 1189 4219 nostra
1216 4146 1333 4220 evadit

469 4335 1106 4480 Ιψξψξψξψω

256 4604 343 4674 quae
387 4602 466 4655 cum
510 4583 557 4655 sit
599 4585 795 4673 progressio
841 4585 1073 4675 geometrica,
1127 4583 1202 4674 ejus
1247 4603 1379 4654 summa
1424 4583 1491 4654 erit
1536 4567 1654 4707 ᾖ.
1738 4584 1836 4673 Quod

254 4755 336 4808 vero
389 4754 522 4806 summa
575 4739 741 4825 perpetuo
795 4740 931 4805 maneat
975 4733 1116 4826 eadem,
1172 4736 1368 4825 quicunque
1413 4736 1548 4807 valeres
1591 4735 1659 4825 ipsi
1701 4756 1727 4805 a
1770 4735 1833 4807 tri·
