4230 5670
135 492 140 509 ¹
272 502 321 570 84
781 495 1173 572 SUPPLEMENTUM
1226 497 1291 569 III.

244 717 340 802 patet
374 712 463 784 hanc
498 709 679 783 formulam
714 710 920 802 integralem
956 731 1023 783 non
1050 730 1072 782 a
1099 710 1215 783 valore
1250 710 1453 802 quantitatis
1478 706 1692 804 spendere,
1739 711 1829 803 quod

243 836 348 907 etiam
384 833 488 907 facile
523 835 730 926 perspicitur
764 834 921 925 ponendo
953 814 1057 906 as:
1075 857 1119 927 y,
1166 835 1257 907 unde
1290 832 1332 907 fit
1366 830 1390 922 f
1401 812 1500 906 Γ
1529 827 1585 912 oa
1603 866 1651 897 =
1671 828 1746 929 tp,
1793 843 1829 910 et

241 959 278 1042 t}
298 990 346 1020 =
366 1000 417 1012 -
436 959 548 1032 la:
569 959 706 1074 -slly
726 958 871 1074 εμὲ,
899 959 1043 1050 ideoque
1069 951 1200 1052 Mlti
1219 988 1267 1021 =
1287 953 1390 1059 W,
1418 959 1467 1031 ita
1494 967 1533 1032 ut
1559 961 1606 1032 sit

458 1197 492 1263 1.
575 1195 610 1263 2.
695 1183 1218 1292 a......a=toe(lt”‚

241 1423 332 1496 quae
359 1401 508 1476 formula
544 1424 587 1475 ex
621 1405 731 1495 priori
766 1405 919 1476 nascitur
953 1402 1109 1495 ponendo
1145 1400 1229 1492 f:
1254 1407 1287 1474 1.
1342 1402 1413 1474 Pro
1448 1402 1710 1494 interpolatione
1744 1425 1829 1496 ergo

241 1527 438 1620 hujusmodi
483 1526 671 1600 formarum
716 1534 826 1601 totum
871 1529 1048 1621 negotium
1091 1528 1160 1600 huc
1195 1512 1406 1619 reduciturj
1450 1533 1489 1599 ut
1524 1528 1625 1599 istius
1661 1526 1828 1601 formulae

243 1653 425 1743 integralis
452 1645 546 1754 ida
571 1652 598 1746 (l
606 1646 654 1745 })'⁸
688 1653 824 1725 valeres
865 1650 1088 1744 difiniantnr,
1143 1650 1277 1742 quando
1312 1671 1484 1746 exponens
1519 1672 1544 1722 a
1578 1659 1632 1723 est
1666 1672 1829 1726 numerus

241 1773 385 1848 mactus.
440 1772 562 1846 Veluti
590 1776 620 1847 si
655 1797 681 1846 a
715 1776 761 1847 sit
780 1805 828 1837 =
847 1772 881 1875 ξ,
928 1775 1096 1865 assignari
1137 1781 1274 1866 oportet
1318 1775 1467 1847 valorem
1512 1775 1617 1869 huius
1661 1773 1829 1849 formulae

237 1906 332 2019 ida
355 1903 474 2021 psit,
521 1937 622 2006 quem
659 1917 740 1990 olim
772 1919 846 2009 jam
882 1917 1015 1990 ostendi
1051 1937 1125 1989 esse
1154 1949 1201 1980 =
1230 1903 1378 2024 gala,
1425 1917 1610 1991 denotante
1644 1941 1672 1987 a
1708 1919 1829 1992 circuli

239 2059 471 2150 peripheriam
508 2059 607 2150 cujus
643 2058 812 2131 diameter
841 2090 888 2120 =
913 2065 955 2130 l:
1001 2078 1066 2149 pro
1101 2060 1179 2131 aliis
1214 2066 1330 2132 autem
1365 2061 1518 2133 numeris
1562 2058 1683 2132 fractis
1727 2060 1826 2151 quus

240 2182 392 2255 valorem
429 2182 474 2255 ad
508 2183 738 2275 quadraturas
772 2203 957 2255 curvarum
1002 2183 1279 2273 algebraica'rum
1316 2184 1451 2264 altioris
1475 2182 1619 2256 'ordinis
1662 2203 1825 2257 reuocare

240 2307 352 2380 docui.
409 2303 505 2395 Quae
540 2307 697 2379 reductio
742 2328 819 2380 cum
861 2308 1000 2380 mimine
1035 2309 1080 2380 sit
1115 2308 1234 2400 obvia,
1289 2312 1394 2398 atque
1436 2311 1512 2380 tum
1558 2308 1669 2380 solum
1712 2308 1826 2381 locum

239 2432 386 2522 habeat,
441 2432 577 2523 quando
612 2433 779 2505 formulae
812 2423 906 2537 jda
923 2428 1004 2526 (lli¹
1039 2433 1226 2524 integratio
1263 2452 1285 2505 a
1311 2433 1430 2505 valore
1454 2454 1479 2503 a
1499 2436 1591 2505 =0
1620 2432 1664 2506 ad
1690 2437 1822 2505 a=l

239 2556 457 2649 extenditur,
512 2557 679 2648 singulari
706 2560 894 2631 attentione
930 2558 1035 2650 digna
1070 2558 1218 2630 videtur.
1273 2557 1352 2629 Etsi
1388 2563 1503 2630 autem
1534 2558 1608 2648 Jam
1644 2558 1726 2630 olim
1761 2558 1827 2631 hoc

239 2688 479 2774 argumentum
507 2683 674 2775 tractavi,
720 2691 836 2756 tamen
864 2684 945 2774 quia
980 2704 1042 2775 per
1079 2684 1197 2774 plures
1231 2682 1393 2772 ambages
1428 2703 1469 2754 co
1504 2704 1581 2754 sum
1617 2683 1823 2774 perductus,

238 2807 328 2879 idem
357 2808 414 2880 hic
441 2828 616 2880 resumere
642 2814 679 2879 et
705 2808 902 2880 concinnius
929 2808 1088 2880 evolvere
1115 2806 1290 2879 constitui.
1788 2823 1794 2834 ·

829 3197 1142 3270 Theorema
1197 3201 1232 3269 2.

371 3410 402 3503 5.
426 3414 485 3482 12.
516 3410 554 3483 si
571 3408 739 3483 formulae
766 3411 953 3502 integrales
978 3431 1001 3482 a
1026 3411 1142 3483 valore
1167 3430 1193 3481 a
1213 3413 1306 3482 =0
1333 3430 1443 3500 usque
1469 3408 1514 3481 ad
1538 3430 1563 3482 a
1582 3440 1629 3473 =
1656 3416 1671 3483 1
1703 3416 1822 3483 exten·

237 3534 385 3626 dantur,
411 3541 447 3607 et
473 3557 498 3607 a
525 3535 665 3608 denotet
690 3556 871 3609 numerum
898 3538 1073 3626 integrum
1101 3535 1305 3626 positivum,
1334 3535 1402 3607 erit

236 3772 357 4001 (⁷³31)
375 3770 497 4002 (azo)
515 3769 728 4001 <af-ao:
747 3806 1061 3930 ²3⁹²⁸5²14m-¹
1076 3819 1164 3919 Μ
1181 3814 1389 3919 '‘W'‘
1410 3746 1528 4008 {zi-1
1539 3757 1632 4000 3:511
1643 3757 1822 3999 :atym-¹

236 4141 432 4231 quicunque
458 4142 593 4213 numeri
620 4141 761 4232 positivi
789 4141 864 4212 loco
890 4137 915 4229 f
934 4143 971 4210 et
996 4158 1020 4229 g
1046 4138 1273 4229 accipiantur.

791 4531 1256 4605 Demonstratio.

422 4745 510 4821 Cum
537 4766 643 4837 supra
668 4745 715 4839 (§.
746 4746 798 4838 4.)
824 4745 1072 4820 ostenderimus
1099 4765 1174 4816 esse
