4230 5670
785 472 861 547 ·ΑῙ)
889 473 1016 550 suffr.
1044 475 1073 547 1.
1129 472 1243 550 TOM.
1270 476 1315 549 Π.
1740 479 1840 563 ,541

262 686 483 778 quamobrem
564 687 650 762 haec
731 689 890 779 aequatio
969 688 1233 781 integrationem
1302 690 1483 783 admittet,
1567 689 1699 781 quoties
1769 688 1845 762 ine-

262 809 311 884 rit
355 813 411 885 vel
456 811 616 885 O=0
656 812 722 886 hoc
763 817 816 885 est
855 836 948 886 c=
978 813 1424 907 —ib-iti-lla,
1479 813 1533 887 vel
1578 813 1737 886 B=c
1778 813 1891 886 hoc·

262 942 317 1011 est
357 934 453 1008 d:
483 979 535 990 —
561 938 599 1030 (2
627 937 643 1008 i
668 977 719 990 —
750 938 785 1030 1)
811 960 855 1011 o:
909 961 998 1031 quae
1040 938 1209 1013 formulae
1263 939 1306 1012 ab
1360 938 1430 1011 illis
1483 959 1568 1030 quas
1621 959 1727 1031 snpra
1778 958 1842 1032 pro

263 1063 373 1155 priori
425 1061 763 1136 transformationum
817 1063 937 1136 ordine
980 1066 1189 1157 invenimus,
1244 1069 1379 1137 tantum
1424 1065 1459 1135 in
1509 1064 1574 1137 hoc
1626 1063 1845 1157 discrepant,

264 1187 354 1279 quod
415 1187 471 1259 hic
532 1186 652 1260 littera
704 1185 718 1256 i
770 1188 921 1261 valorem
983 1189 1181 1280 negativum
1244 1189 1399 1279 accepit;
1480 1187 1571 1261 unde
1635 1187 1846 1281 adjungatur

263 1331 409 1404 sequens

778 1559 1029 1636 Conclusio
1082 1563 1333 1652 generalia.

392 1790 395 1797 -
451 1739 483 1834 §-
540 1741 602 1813 32.
683 1740 721 1817 Si
773 1740 891 1813 littera
943 1740 957 1810 i
1008 1738 1064 1812 hic
1118 1738 1261 1831 denotet,
1308 1757 1426 1811 omnes
1478 1754 1638 1809 numeros
1694 1739 1847 1829 integros

268 1865 340 1938 aive
418 1866 584 1957 positivus
664 1867 738 1938 sive
806 1866 1007 1958 negativos,
1087 1864 1245 1956 aequatio
1314 1864 1493 1958 proposita
1570 1859 1848 1936 differendo-dif-

265 1987 455 2064 ferentialis

477 2140 1332 2274 dop(1‘-aae)ae-teoaop-cota²=o·
1480 2210 1483 2217 ,

267 2366 404 2439 semper
432 2345 699 2438 integrationem
726 2345 798 2417 sive
825 2344 1068 2418 resolutionem
1094 2345 1276 2438 admittet,
1322 2345 1457 2436 quoties
1483 2341 1589 2415 tuerit

481 2536 1037 2635 1⁰.)c=sl›—t'(i÷l)o,
1081 2539 1137 2613 vel

479 2661 931 2758 2⁰.)b=(2s'-o-l)o:

267 2862 327 2934 nbi
380 2881 578 2935 asseverare
621 2861 725 2955 licet,
792 2880 910 2935 omnes
953 2858 1055 2952 plane
1105 2880 1205 2934 casus
1258 2857 1461 2932 resolubiles
1513 2858 1550 2930 in
1602 2857 1667 2930 hac
1720 2855 1850 2949 duplici

266 2985 376 3059 torma
430 2985 620 3081 contineri,
683 2987 733 3059 ita
786 2990 825 3058 nt
877 2986 993 3058 nullus
1044 2983 1146 3076 plane
1200 3003 1299 3057 cesus
1351 2982 1615 3075 integrationem
1667 2982 1851 3055 admittens

267 3111 423 3184 'exhiberi
476 3116 602 3205 queat,
684 3112 743 3202 qui
797 3131 865 3183 non
918 3111 953 3182 in
1006 3110 1178 3182 alterutra
1229 3110 1351 3181 harum
1414 3108 1562 3182 duarum
1623 3105 1851 3181 formularum

267 3236 596 3329 comprehendatur,
678 3235 760 3308 dum
814 3238 933 3308 contra
986 3233 1167 3307 methodus
1224 3254 1287 3325 per
1339 3234 1447 3307 series
1500 3231 1707 3325 procedens,
1788 3251 1850 3305 cn·
1978 3227 1980 3233 ⁸

262 3358 323 3451 jus
362 3357 460 3432 initio
504 3360 711 3432 mentionem
757 3357 920 3451 fecimus,
974 3362 1107 3429 tantum
1153 3378 1253 3431 casus
1297 3357 1517 3448 integrabilea
1561 3357 1692 3449 priores
1736 3358 1851 3428 osten·

268 3483 339 3578 dit,
394 3485 444 3556 ita
487 3489 527 3557 ut
570 3483 651 3556 inde
695 3479 848 3556 infinitus
892 3503 1054 3555 numerus
1108 3502 1248 3555 casuum
1300 3483 1444 3583 pariter,
1482 3481 1718 3555 resolubilinm
1770 3478 1870 3552 inde·

266 3607 483 3682 excludatur.

815 3855 1217 3931 Corollarium
1275 3858 1308 3928 l.

454 4034 488 4128 ξ.
546 4035 607 4107 33.
689 4032 966 4107 transformetur
1037 4033 1195 4124 aequatio
1266 4031 1441 4123 proposita
1511 4031 1547 4103 in
1613 4031 1852 4121 aequationem

268 4157 527 4233 differentialem
598 4159 701 4250 primi
772 4158 902 4251 gradus
972 4157 1129 4249 ponendo
1198 4180 1298 4248 p:
1327 4149 1440 4250 eim,
1511 4177 1552 4228 ac
1614 4154 1852 4246 perveniemus

268 4282 312 4354 ad
339 4284 427 4356 hanc
454 4283 693 4374 aequationem

480 4453 1125 4598 δυψΜω-Ἢώ-πεθ,

271 4731 358 4800 quae
437 4729 522 4801 ergo
601 4711 704 4783 etiam
785 4703 1050 4802 integrationem
1132 4707 1291 4781 admittet
1372 4705 1508 4780 casibus
1590 4704 1715 4797 quibus
1797 4706 1853 4778 vel
