4230 5670
762 436 1011 557 'annom
1040 485 1067 556 1.
1124 483 1225 558 cro.
1254 484 1318 558 1v.

648 720 675 766 π
959 720 996 768 π.

483 782 508 828 u
797 789 1103 821 =—--·

516 814 777 960 amm&
869 832 1073 959 mm}

262 1093 328 1194 “qni
355 1124 439 1194 ergo
467 1104 565 1176 valor
590 1109 644 1177 est
664 1133 712 1168 =
733 1104 758 1178 S
785 1125 926 1196 prorsus
955 1111 993 1177 nt
1019 1110 1119 1194 ante;
1155 1124 1243 1196 qnae
1263 1104 1431 1177 videntitas
1458 1106 1562 1177 etiam
1596 1102 1777 1178 manifesto
1803 1110 1858 1177 est

271 1229 306 1300 in
342 1229 452 1302 altera
487 1227 654 1318 formula,
701 1229 792 1302 unde
827 1235 945 1321 patet,
992 1230 1125 1303 etiamsi
1160 1233 1333 1320 probet
1361 1254 1385 1298 o
1413 1228 1598 1304 fractiones
1634 1250 1857 1321 quaecunque

272 1353 503 1445 accipiantur,
541 1353 805 1445 integrationem
832 1354 888 1426 hic
915 1355 1102 1428 exhibitam
1129 1353 1236 1428 nihilo
1263 1357 1374 1426 minus
1401 1356 1513 1427 locum
1543 1375 1618 1428 esse
1644 1355 1855 1443 babituram3

272 1497 361 1567 quae
396 1478 655 1551 circumstantia
681 1477 789 1570 probe
824 1480 938 1550 notari
974 1483 1146 1570 meretur,
1183 1480 1344 1570 quoniam
1382 1479 1417 1550 iu
1454 1479 1675 1570 sequentibus
1705 1478 1856 1551 litteram

272 1625 297 1672 o
324 1606 486 1694 tanquam
514 1600 715 1675 variabilem
741 1623 859 1675 sumus
885 1598 1080 1677 tractaturi.
1462 1596 1465 1600 ’

458 2043 490 2138 §-
521 2046 582 2118 73.
633 2043 821 2136 Postquam
847 2045 954 2137 igitur
980 2044 1080 2118 binae
1106 2045 1193 2118 istae
1219 2043 1386 2117 formulae
1411 2044 1599 2136 integrales
1625 2042 1803 2117 litterius
1821 2049 1858 2117 et

274 2169 302 2242 Τ
339 2169 510 2242 indicatae
547 2167 678 2242 fuerint
713 2171 926 2260 integratus,
963 2170 1013 2241 ita
1040 2176 1080 2242 nt
1105 2176 1313 2243 evanescant
1343 2170 1456 2261 posito
1482 2191 1568 2241 a:
1591 2171 1637 2262 0,
1673 2168 1888 2260 integralia

272 2293 422 2384 spectari
448 2299 612 2384 poterunt
638 2314 704 2365 non
738 2293 849 2366 solum
877 2298 917 2366 nt
943 2291 1133 2367 funcbones
1160 2292 1362 2384 quantitatis
1386 2317 1427 2384 a,
1464 2295 1524 2367 sed
1561 2294 1663 2366 etiam
1692 2300 1732 2366 ut
1757 2293 1855 2366 func-

272 2416 383 2490 tiones
410 2417 568 2491 binarum
597 2417 813 2505 variabilium
836 2423 908 2490 aet
926 2445 974 2507 ω,
1012 2418 1284 2508 quandoquidem
1311 2437 1492 2489 nnmerum
1511 2442 1535 2486 o
1554 2423 1719 2509 tanquam
1747 2438 1855 2508 quan·

273 2543 411 2615 litatem
447 2543 647 2616 variabilem
684 2548 838 2615 tractare
875 2543 978 2635 licet,
1015 2542 1228 2633 quinetiam
1264 2547 1490 2634 exponentem
1517 2544 1538 2613 λ
1565 2562 1627 2633 pro
1664 2543 1857 2634 quantitate

273 2667 428 2739 variabili
464 2667 592 2740 babere
627 2666 770 2739 liceret:
817 2666 877 2739 sed
913 2667 993 2757 qnia
1029 2667 1108 2739 binc
1143 2665 1310 2739 iormnlue
1353 2667 1541 2758 integrales
1584 2666 1675 2740 alius
1719 2666 1858 2758 generis

272 2797 388 2864 assent
422 2792 642 2883 moliturae,
689 2795 792 2881 atque
828 2792 884 2864 bic
919 2791 1143 2881 contemplari
1179 2792 1362 2886 constitui,
1408 2792 1514 2864 solam
1551 2792 1780 2882 quantitatem
1809 2814 1854 2883 o,

271 2920 412 3006 praeter
439 2919 546 3008 ipsam
576 2915 777 2989 variabilem
803 2938 843 3010 a,
881 2916 936 2987 bic
962 2923 1002 2987 ut
1029 2917 1257 3006 quantitatem
1283 2915 1482 2989 variabilem
1511 2936 1585 2989 sum
1612 2920 1836 2989 tractaturus.

457 3361 489 3453 §-
520 3365 581 3433 74.
637 3360 725 3434 Gnm
752 3361 860 3453 igitur
887 3363 934 3435 sit

483 3587 1030 3844 ε-ΓΗ-ι-ελῆἕ

527 3720 574 3732 -
713 3728 870 3822 Ι-ι-ιθλ
1004 3741 1021 3780 ’

272 3978 307 4048 in
343 3997 413 4068 qna
448 3979 683 4071 integratione
711 3946 791 4053 'sola
826 4004 845 4051 a
882 3986 921 4052 ut
957 3980 1133 4052 variabilis
1169 3983 1366 4070 spectatur,
1411 3979 1480 4049 erit
1514 3976 1643 4067 utique
1669 3974 1854 4048 secundum

271 4102 429 4193 signandi
456 4124 585 4177 morem
608 4104 682 4197 jam
710 4105 793 4178 satis
820 4126 883 4176 usu
911 4110 1087 4197 receptum

273 4725 358 4803 haec
380 4726 452 4818 jam
481 4724 628 4797 formula
654 4726 766 4797 denno
793 4726 1066 4814 differentietur,
1094 4726 1206 4815 posita
1234 4723 1307 4796 sola
1334 4724 1453 4794 littera
1472 4746 1497 4793 o
1513 4721 1692 4815 variabili,
1719 4723 1854 4812 eritqn'c
