4230 5670
760 551 828 623 au
865 536 992 623 rou.
1033 546 1064 623 1.
1134 547 1242 625 cnr.
1278 546 1343 625 ru.
1775 552 1871 641 ica,

273 730 1861 864 lP-IQ:l(m4p)-lp÷l(rn÷p÷u)-l(p÷rr)7el(m-v-p÷2n)-l(p÷2n)÷etc.
1900 806 1904 821 ,

392 880 1860 1003 ÷lq-l(rn÷q)÷l(q÷n)-l(m÷q÷n)÷l(q÷2n)-l(m÷q÷2n)÷etc.

272 1048 444 1142 haecque
479 1041 690 1143 aequalitas
726 1058 880 1143 semper
912 1043 1040 1120 locum
1074 1042 1246 1134 habebit,
1280 1042 1494 1143 quicunque
1537 1043 1691 1122 valores
1726 1043 1860 1119 litteris

272 1218 325 1288 m,
359 1217 398 1285 n,
428 1218 455 1293 p
491 1206 529 1269 et
561 1216 587 1293 q
620 1192 846 1283 tribuantur,
881 1192 1088 1269 dummodo
1125 1192 1264 1271 fuerint
1296 1190 1464 1294 positivi.

480 1424 511 1535 ξ.
554 1434 653 1521 133.
721 1427 819 1504 Cum
869 1425 983 1528 igitur
1026 1432 1122 1506 haec
1166 1418 1378 1527 aequalitas
1419 1427 1458 1503 in
1493 1452 1635 1529 genere
1669 1427 1861 1520 subsistat,

270 1574 386 1653 etiam
421 1574 588 1653 veritati
606 1576 678 1676 erit
711 1587 991 1670 consentanea,
1042 1578 1193 1675 quando
1226 1577 1429 1677 quaepiam
1469 1579 1604 1654 harum
1647 1573 1860 1652 litterarum

270 1746 332 1814 m,
387 1745 434 1812 n,
478 1745 506 1820 p
538 1740 579 1800 et
611 1746 637 1823 q
670 1722 814 1800 infinite
848 1747 986 1822 parum
1019 1724 1283 1819 immutantur,
1325 1728 1406 1800 slve
1440 1709 1622 1822 tanquam
1657 1723 1861 1800 variabiles

176 1920 185 1931 a
271 1880 511 1968 spectantur.
602 1872 719 1950 Hane
746 1874 805 1975 ,ob
837 1896 922 1950 rem
955 1871 1240 1982 consideremus
1273 1871 1395 1948 solam
1433 1871 1683 1970 quantitatem
1714 1897 1741 1972 p
1777 1884 1859 1948 tan·

271 1994 386 2121 quam
420 2020 662 2117 variabilem,
709 2023 764 2100 ita
795 2036 838 2103 ut
869 2024 1038 2125 reliquae
1072 1987 1238 2129 litterae
1257 2049 1319 2118 m,
1350 2050 1379 2101 n
1414 2035 1452 2103 et
1485 2050 1511 2128 q
1547 2040 1730 2103 maneant
1763 2049 1857 2104 eon·

270 2183 428 2268 stantes,
447 2145 626 2271 'ideoque
660 2171 775 2251 etiam
810 2173 1001 2273 quantitas
1037 2175 1076 2272 Q
1110 2176 1184 2253 erit
1227 2196 1408 2254 constans
1447 2176 1537 2253 dum
1573 2176 1693 2253 altera
1727 2175 1755 2251 P
1790 2200 1859 2251 va·
1938 2186 1948 2199 '

270 2320 450 2414 riabitur3
483 2345 531 2399 ex
565 2344 640 2419 quo
674 2320 970 2400 differentiando
1004 2322 1274 2402 nanciscemur
1306 2328 1405 2400 hanc
1440 2325 1707 2423 aequationem

494 2549 706 2627 ram
809 2560 832 2626 a
930 2536 1098 2629 affl.
1184 2552 1277 2630 aen
1363 2548 1575 2627 m÷r÷2n
1665 2557 1796 2624 ωτι

1235 2645 1328 2722 Ἢ)
1530 2643 1581 2719 31²

1109 2683 1792 2817 †m÷r÷.³n”r÷³n‘¹'⁶t⁰·

270 2848 332 2925 ubi
365 2817 486 2927 lotum
526 2845 723 2949 negotium
756 2869 805 2924 eo
845 2846 965 2940 redit,
1011 2849 1335 2950 quemadmodum
1378 2836 1646 2938 differentiale'
1671 2848 1856 2923 formulae

212 2985 215 2989 ’
268 3001 310 3094 Ρ,
345 3025 443 3100 quae
476 3013 536 3078 est
568 2965 788 3104 integralis,
821 3002 983 3106 exprimi
1009 3017 1209 3107 oporteat.

479 3225 510 3336 l.
551 3236 650 3323 134,
718 3229 816 3307 Cum
850 3231 965 3335 igitur
997 3256 1024 3331 p
1057 3235 1106 3341 ait
1137 3235 1302 3312 formula
1335 3185 1536 3339 integralis
1578 3234 1700 3309 solam
1734 3254 1855 3329 quan·

268 3383 415 3461 titatem
448 3403 479 3455 z
513 3369 697 3480 tanquam
729 3349 954 3462 variabilem
986 3360 1207 3480 involvens,
1255 3385 1562 3486 quandoquidem
1605 3383 1644 3458 in
1679 3383 1760 3483 ejus
1801 3380 1855 3454 in·

253 3496 488 3639 ¹tegeatione
517 3544 716 3635 exponens
744 3561 773 3636 p
804 3553 846 3612 ut
879 3549 1063 3617 constans
1095 3539 1255 3617 tractari
1289 3541 1416 3631 debet,
1454 3540 1606 3614 demum
1639 3546 1727 3636 post
1760 3534 1855 3608 inte·

267 3693 481 3795 gentionem
515 3687 639 3791 ipsam
661 3691 913 3790 quantitatem
945 3695 976 3771 P
1007 3703 1191 3792 tanquam
1224 3654 1457 3771 functionem
1489 3691 1649 3768 duarum
1687 3686 1854 3765 variabi·
1959 3764 1963 3783 ,

124 3923 126 3925 ,
266 3840 355 3918 lium
388 3864 420 3917 x
453 3853 493 3916 et
522 3865 550 3942 p
582 3853 761 3945 spectare
786 3840 943 3936 licebit3
974 3841 1077 3921 unde
1109 3841 1282 3943 quaestio
1314 3843 1389 3920 huc
1422 3834 1538 3936 redit,
1553 3824 1764 3942 'quomodo
1787 3862 1854 3914 va·
1904 3904 1905 3908 Ν

266 4007 400 4103 larem,
431 4010 505 4085 whoc
539 3990 765 4087 charactere
785 3973 883 4146 (ἐξ)
915 3970 1078 4116 exprimi
1111 4011 1282 4106 solitum,
1316 4005 1540 4113 investigari
1563 4019 1763 4107 oporteat,
1790 4004 1853 4104 qui

171 4239 173 4241 ,
267 4155 298 4233 si
332 4150 520 4234 indicetur
553 4157 678 4236 littera
711 4156 771 4251 11,
805 4157 981 4257 aequatio
1014 4169 1104 4235 ante
1136 4156 1291 4272 inventa
1326 4161 1426 4249 hane
1459 4157 1589 4233 induet
1621 4151 1788 4226 formam

263 4543 379 4621 Hanc
412 4562 506 4618 vero
539 4540 677 4619 seriem
710 4539 896 4644 infinitam
929 4542 1030 4636 haud
1064 4540 1283 4620 difficulter
1302 4539 1355 4630 ad
1383 4534 1672 4638 expressionem
1707 4537 1849 4614 finitam

263 4713 450 4766 revocare
483 4687 613 4766 licebit
645 4692 720 4768 hoc
751 4690 886 4770 modo:
936 4691 1105 4804 Ponatur
1408 4673 1413 4679 ’
