4216 5676
262 496 336 565 546
797 488 1181 564 SUPPLElOENTUM
1234 489 1301 566 IX.

258 726 323 797 pro
377 725 447 795 qua
498 705 529 776 si
584 691 672 781 dP''
724 702 830 776 tuerit
882 702 1129 797 multiplicator
1182 704 1346 798 idoneus,
1413 706 1621 798 completum
1675 706 1851 798 integrale

258 829 379 904 induet
404 830 493 903 hanc
518 827 665 902 formam

464 1011 1012 1127 summouendo.

258 1220 384 1312 Sieque
411 1219 586 1310 quantitas
611 1241 632 1290 a
659 1219 870 1311 exprimetur
896 1239 960 1311 per
985 1217 1169 1293 formulam
1196 1218 1401 1310 integralem
1428 1218 1648 1318 implicatam.

449 1486 481 1578 ᾗ.
539 1489 601 1557 41.
684 1485 760 1557 Tali
813 1490 928 1558 autern
986 1483 1097 1557 torma
1158 1505 1223 1576 pro
1285 1484 1449 1577 integrali
1509 1485 1651 1558 inventa
1711 1487 1850 1577 praeci-

259 1631 366 1701 puum
419 1610 597 1701 negotium
651 1610 720 1682 huc
764 1609 875 1699 redit,
931 1617 971 1682 ut
1014 1630 1055 1682 ea
1106 1609 1156 1682 ita
1209 1609 1409 1704 evolvatur,
1473 1615 1512 1681 ut
1564 1606 1712 1682 formula
1765 1629 1850 1682 con·

260 1736 376 1806 tineus
429 1731 637 1807 functionem
699 1732 911 1806 indefinitam
963 1734 1017 1823 X,
1098 1755 1186 1826 quae
1238 1734 1296 1809 hic
1348 1740 1451 1808 terna
1504 1736 1604 1826 sigua
1663 1734 1851 1831 integralis

258 1858 366 1930 habet
418 1855 594 1950 praefixa,
648 1859 728 1947 plus
773 1857 873 1930 unico
925 1863 1007 1930 ante
1060 1878 1097 1930 se
1144 1878 1212 1930 non
1255 1857 1406 1950 habeat,
1459 1858 1680 1950 quamobrem
1724 1879 1847 1950 quem·

259 1982 440 2054 admodum
494 1982 576 2054 talis
628 1982 782 2054 reductio
836 1981 1108 2055 commodissime
1161 1981 1297 2055 institui
1350 1987 1477 2077 queat,
1555 1983 1614 2056 hic
1665 1981 1850 2055 ostendere

260 2107 444 2199 constitui,
499 2106 668 2198 siquidem
712 2107 778 2178 nisi
823 2112 920 2179 certa
963 2105 1111 2178 artificia
1150 2105 1402 2199 adhibeantur,
1456 2106 1652 2197 hujnsmodi
1692 2108 1849 2199 operatio

261 2231 413 2305 calculos
439 2231 586 2304 maxime
612 2231 775 2302 molestos
801 2230 1003 2322 postularet.

450 2495 482 2589 §-
513 2500 574 2569 42.
644 2495 685 2569 In
739 2516 866 2588 genere
919 2501 1035 2571 autern
1089 2497 1284 2592 hujusmodi
1337 2494 1501 2571 formulas
1553 2497 1746 2591 implicatas
1798 2498 1851 2572 ita

264 2626 562 2712 repraesentemus

468 2805 1021 2921 JapJquorJosJocso.

263 3034 326 3104 pro
372 3015 471 3107 cujus
516 3013 712 3116 evolutione
757 3034 779 3084 a
823 3034 903 3086 casu
947 3014 1092 3086 duorum
1138 3016 1312 3106 signorum
1358 3016 1579 3107 integralium
1628 3016 1847 3106 inchoemus,

260 3145 297 3210 et
340 3139 421 3229 quia
466 3137 533 3208 erit
573 3126 666 3239 Jdp
689 3126 712 3239 J
738 3129 780 3228 (lq
810 3168 856 3199 =
883 3125 906 3238 J
930 3129 1017 3229 udo,
1072 3138 1227 3211 reductio
1272 3140 1426 3231 vulgaris
1471 3140 1532 3212 dat
1572 3162 1617 3232 pq
1647 3182 1692 3193 -—
1720 3129 1743 3242 J
1761 3134 1845 3232 polo.

261 3262 340 3336 Jarn
395 3262 469 3333 loco
508 3282 536 3350 p
581 3267 617 3332 et
660 3283 682 3352 p
726 3262 852 3334 iterum
907 3262 1097 3334 scribamus
1148 3253 1170 3365 J
1194 3257 1240 3353 dp
1284 3271 1320 3336 et
1360 3254 1382 3366 J
1406 3256 1470 3356 dp,
1540 3270 1644 3356 atque
1697 3266 1848 3338 evolutio

261 3386 311 3457 ita
338 3385 540 3457 rehabebit

469 3568 1236 3683 iduldu=ldu·ldu-l0uldu‚

262 3774 320 3848 ubi
347 3776 382 3846 in
410 3796 537 3867 genere
564 3776 650 3848 hanc
677 3775 921 3867 aequalitatem
949 3779 1084 3847 notasse
1107 3775 1245 3866 juvabit

470 3960 1337 4075 llutos-lu.lu÷lurop=0.

446 4235 478 4327 ξ.
535 4240 597 4309 43.
676 4235 941 4309 Consideremus
995 4256 1083 4308 nunc
1136 4233 1316 4307 formulam
1380 4234 1448 4306 tria
1502 4235 1600 4325 signa
1661 4235 1850 4326 integralia

259 4359 491 4431 involventem
561 4391 608 4422 =
635 4350 657 4462 J
681 4352 727 4449 dp
750 4349 773 4461 J
798 4351 840 4451 do
864 4348 886 4460 J
911 4351 973 4446 dr,
1055 4363 1092 4431 et
1159 4360 1240 4450 quia
1306 4363 1345 4429 ut
1413 4356 1513 4429 modo
1579 4357 1728 4430 vidimus
1793 4362 1849 4431 est

258 4472 348 4583 Jdp
371 4473 393 4584 J
419 4476 461 4559 dr
490 4516 535 4546 =
566 4506 606 4574 pr
632 4525 683 4536 —
708 4473 731 4585 J
755 4476 838 4575 pulc,
937 4488 1052 4554 nostra
1121 4480 1268 4555 formula
1338 4483 1374 4553 in
1445 4483 1507 4554 has
1578 4487 1696 4573 partes
1776 4481 1847 4554 dis-

262 4607 416 4695 cerpitur
498 4598 630 4709 Jprdp
657 4647 707 4659 —
733 4597 756 4709 J
781 4599 827 4697 op
850 4597 872 4708 J
897 4599 980 4698 por,
1080 4627 1167 4698 quae
1252 4607 1421 4697 posterior
1505 4627 1584 4698 pars
1669 4607 1847 4680 reducitur

262 4729 305 4799 ad
364 4730 450 4802 hanc
512 4729 656 4802 formam
704 4721 866 4833 pJodr
893 4769 942 4783 -
968 4720 1122 4832 loqu,
1204 4732 1323 4822 sicque
1387 4729 1537 4802 formula
1598 4737 1717 4804 nostra
1778 4733 1848 4804 erit
