4230 5670
798 517 864 591 AD
894 513 1022 591 SEG'l'.
1051 517 1080 589 Ι.
1135 515 1248 593 ΤΟΜ.
1276 518 1322 591 Π.

266 751 358 822 quae
384 729 495 802 forma
520 727 691 823 redigitur
717 731 874 805 adhunc

477 919 1010 1058 mauu-uosmet,

583 1028 987 1134 W

266 1683 338 1824 2.)
392 1682 655 1797 Mothodua
689 1715 821 1798 nova
855 1684 1200 1826 mveahgandi
1236 1717 1410 1798 omues
1446 1717 1606 1815 casus,
1667 1682 1848 1820 quibus

425 1860 557 1974 hano
593 1862 940 1998 aequationem
975 1861 1660 1977 differentiodifforontialom

476 2092 1294 2195 ooy(1-aae)-bzlcdo—cpdc¹=o

423 2286 672 2401 resolvere
732 2287 862 2401 lieet.
961 2303 1029 2402 M.
1097 2301 1149 2404 S.
1213 2302 1494 2407 Acadama
1561 2301 1716 2404 abab.
1777 2299 1851 2403 dte
1984 2318 1987 2325 ’

365 2608 372 2620 Ι
422 2462 483 2578 13
518 2478 769 2606 Jaaaortt,
807 2460 953 2579 1780.

450 2758 482 2851 5.
542 2763 601 2832 16.
682 2759 749 2832 Hic
804 2759 943 2850 quidem
996 2759 1031 2830 iu
1084 2779 1187 2830 nsum
1240 2760 1358 2832 vocari
1419 2764 1535 2849 posset
1596 2756 1777 2830 methodus
1828 2778 1851 2829 a

264 2903 319 2953 me
363 2889 399 2955 et
443 2883 488 2954 ab
532 2882 610 2955 aliis
649 2885 724 2976 jam
747 2884 896 2975 'passim
940 2882 1120 2977 exposita,
1176 2903 1244 2975 qna
1282 2883 1380 2955 sulm
1419 2883 1527 2974 ipsius
1559 2904 1584 2973 y
1617 2902 1682 2973 per
1725 2882 1849 2956 seriem

263 3005 433 3081 inlinitum
485 3009 702 3099 exprimitur.
781 3005 877 3081 'lunc
921 3010 1014 3079 enim
1058 3006 1216 3081 omnihus
1260 2986 1417 3103 casibus,
1494 3005 1620 3099 quibus
1664 3006 1749 3080 baec
1793 3027 1848 3080 se·
1932 3002 1936 3008 ’
2089 3006 2096 3019 ’

263 3133 333 3204 ries
394 3131 523 3205 alicubi
575 3133 816 3225 abrumpitur,
892 3132 1079 3205 habebitur
1131 3133 1301 3224 integrale
1362 3129 1573 3223 particulare
1634 3131 1848 3224 aequationis

263 3257 481 3348 propositae3
560 3253 650 3330 unde
704 3256 842 3347 quidem
895 3256 986 3329 haud
1040 3255 1226 3330 difficulter
1278 3256 1447 3348 integrale
1509 3255 1718 3347 completum
1771 3254 1848 3327 erui

264 3381 403 3469 poterit.
477 3379 609 3453 Verum
653 3383 718 3452 etsi
763 3380 829 3454 boc
873 3380 972 3453 modo
1015 3377 1143 3452 infiniti
1187 3401 1287 3455 casus
1332 3378 1556 3472 integrabiles
1603 3380 1847 3473 reperiuntur,

265 3509 381 3576 menen
417 3524 484 3578 non
521 3524 637 3577 omnes
672 3506 908 3598 innotescunt,
962 3504 1022 3577 sed
1058 3504 1186 3578 dautur
1229 3511 1409 3596 praeterea
1452 3502 1578 3576 infiniti
1621 3503 1682 3576 alii
1725 3523 1845 3596 casus,

264 3631 324 3720 qui
376 3628 620 3703 resolutionem
672 3629 869 3702 admittunt.
943 3628 1170 3718 Quamobrem
1220 3630 1277 3703 hic
1329 3628 1529 3703 methodum
1581 3647 1723 3720 prorsus
1775 3626 1845 3699 sin·
1941 3716 1951 3739 ο

264 3754 418 3846 gularem
471 3774 678 3846 proponam,
743 3754 843 3847 eujus
895 3773 958 3845 ope
1011 3773 1129 3826 omnes
1181 3754 1283 3845 plane
1336 3774 1438 3826 casus
1490 3752 1715 3845 integrabiles
1766 3753 1848 3826 elici

262 3886 435 3970 poterunt.
517 3878 614 3952 Haec
667 3884 784 3951 autem
847 3878 1028 3950 methodus
1090 3881 1141 3951 ita
1202 3884 1256 3951 est
1297 3882 1534 3983 ,comparata
1616 3883 1655 3949 ut
1685 3877 1846 3967 ,cognito

188 4009 191 4017 '
263 4024 346 4076 casn
407 4023 611 4096 quoeunque
673 4002 915 4076 resolutionem
967 4002 1192 4095 admittente,
1263 4023 1317 4074 -ex
1370 4022 1412 4074 eo
1463 3998 1731 4076 innumerabiles
1785 3999 1846 4072 ulii

262 4127 386 4202 deduci
411 4134 549 4220 queant.

447 4377 480 4470 ς.
539 4380 599 4451 17.
680 4373 807 4450 Statim
859 4382 976 4451 autem
1038 4399 1075 4450 se
1137 4375 1285 4450 offerunt
1344 4376 1412 4449 duo
1472 4395 1573 4448 ossus
1633 4373 1844 4466 simplicissi-

263 4502 321 4594 mi,
375 4501 500 4594 quibus
544 4501 708 4574 resolutio
753 4502 925 4593 succedit,
979 4522 1126 4594 quornm
1180 4501 1270 4574 alter
1323 4507 1398 4593 est,
1456 4501 1486 4574 si
1529 4521 1624 4571 c=
1653 4503 1700 4591 0,
1754 4498 1845 4571 alter

262 4647 344 4700 uero
396 4626 428 4698 si
480 4624 576 4695 b=
604 4648 648 4717 a,
727 4647 813 4718 quos
865 4648 949 4718 ergo
1002 4626 1101 4699 binos
1157 4647 1257 4699 maus
1318 4626 1527 4717 principales
1588 4630 1669 4699 ante
1729 4623 1846 4697 omnia

261 4751 374 4825 evolvi
400 4755 549 4841 oportet.
1176 4750 1181 4759 '
