4230 5670
668 456 733 529 An
760 456 871 529 Tou.
901 458 926 529 Ι.
983 458 1112 531 SECT.
1141 459 1183 529 ΙΙ.
1241 458 1341 531 GAP.
1372 459 1454 533 VI.¹
1767 462 1839 531 503
1927 474 1934 487 ·

886 881 1218 955 Conclusio.

446 1059 478 1149 §-
537 1063 597 1131 79.
680 1059 747 1149 oui
810 1079 1005 1150 processum
1068 1061 1247 1151 analyseos
1309 1061 1366 1132 hic
1432 1062 1581 1133 usitatae
1648 1082 1848 1153 comparare

262 1182 411 1254 voluerit
455 1203 533 1255 cum
579 1182 761 1273 methodo,
817 1204 886 1274 qna
931 1183 1077 1255 illustris
1121 1183 1164 1255 de
1203 1183 1239 1253 lu
1282 1182 1417 1275 &aceyo
1462 1204 1544 1255 usus
1588 1194 1642 1256 est
1681 1188 1716 1257 in
1753 1186 1845 1259 Mis·

260 1304 381 1378 cedma
438 1306 547 1378 Tour.¹
604 1308 696 1378 Tom.
753 1306 819 1379 IV.
875 1306 976 1378 focile
1025 1307 1231 1399 perspiciet,
1312 1328 1386 1379 eam
1442 1309 1551 1380 multo
1614 1307 1751 1381 {acilius
1804 1312 1848 1382 ad

262 1450 400 1520 scopum
464 1430 697 1503 desideratum
760 1431 950 1522 perducere
1012 1438 1115 1521 atque
1177 1433 1288 1504 multo
1351 1432 1561 1504 commodius
1613 1433 1657 1505 ad
1711 1436 1849 1524 quosvis

263 1576 364 1628 casus
416 1555 584 1647 applicari
627 1576 737 1646 posse.
810 1556 1055 1629 introduxerat
1099 1561 1214 1629 eutem
1260 1554 1326 1628 Vir
1370 1558 1425 1628 ΙΙΙ.
1472 1557 1507 1628 in
1552 1556 1723 1630 calculum
1777 1557 1847 1630 for-

263 1706 390 1778 mulam
445 1672 510 1816 ῩΤῘ,
565 1707 663 1798 cujus
698 1708 774 1779 loco
818 1708 875 1779 hic
920 1707 1067 1797 simplici
1113 1707 1282 1779 elemento
1319 1700 1355 1783 dt
1390 1728 1508 1780 sumus
1546 1708 1620 1800 usi,
1675 1730 1715 1781 ao
1755 1709 1849 1782 dein-

264 1880 345 1950 ceps
390 1858 615 1949 quantitatem
660 1858 689 1931 T
734 1866 895 1949 tanquam
950 1856 1157 1931 functionem
1211 1859 1404 1932 litterarum
1443 1880 1473 1950 p
1517 1866 1553 1931 ot
1596 1883 1617 1951 q
1661 1862 1851 1951 spectavit,

264 2005 352 2073 quaa
406 1984 531 2076 positio
585 1983 668 2056 satis
722 1980 882 2055 difficiles
935 1982 1085 2054 calculos
1130 1983 1338 2075 postulauit,
1392 1981 1474 2054 dum
1519 1990 1637 2055 nostra
1690 1984 1851 2055 methodo

265 2108 366 2199 louge
428 2108 627 2180 concinnius
690 2107 827 2179 casdem
892 2106 1141 2196 integrationes
1198 2107 1406 2197 investigare
1459 2106 1569 2178 licuit.
1650 2106 1851 2198 Quanquam

264 2238 378 2304 sutem
434 2232 563 2304 nnllum
618 2238 671 2303 est
715 2231 877 2320 dubium,
946 2231 1028 2321 quin
1073 2231 1141 2302 ista
1194 2232 1375 2322 analyseos
1429 2232 1561 2322 species
1615 2232 1747 2321 insigne
1800 2232 1852 2303 in·

267 2361 479 2428 crementum
533 2357 759 2446 polliceatur,
814 2362 929 2427 tamen
975 2355 1123 2426 noudum
1168 2361 1285 2445 patet,
1343 2354 1626 2445 quemadmodum
1671 2356 1714 2426 ad
1767 2356 1853 2428 alias

267 2482 516 2573 integrationes
570 2501 610 2551 ea
665 2480 880 2552 accomodari
934 2485 1057 2569 quent,
1125 2486 1264 2569 praeter
1317 2480 1380 2551 hos
1432 2479 1527 2569 ipsos
1580 2498 1699 2566 casus,
1767 2501 1856 2571 quos

267 2604 325 2678 hic
370 2606 594 2705 tractavimus
638 2612 675 2676 et
719 2625 804 2695 quos
850 2603 932 2675 olim
976 2623 1019 2673 ex
1064 2604 1268 2694 aequatione
1313 2604 1477 2677 canonice
1520 2602 1767 2675 derivaveram.
