4230 5670
826 471 1214 615 surrnnnnnrun
1261 499 1287 570 1.
1401 483 1404 489 ’

509 705 776 792 omre-semla
921 723 957 777 ox
974 724 1103 794 (1-xx)
1124 703 1188 787 Va

480 848 610 918 (1-eae)
629 830 807 917 alluat)
833 782 869 846 et
894 829 1218 918 (r÷eoe)ts(1÷n⁴)

269 994 458 1085 perductae
485 996 554 1066 sint
580 996 624 1066 ad
651 995 713 1066 has
740 995 913 1085 simplices

557 1149 591 1218 op

482 1189 934 1254 ...met-m.

483 1240 521 1320 V
539 1258 667 1326 (1÷nal

270 1425 415 1497 quarum
471 1412 618 1495 utraque
672 1403 772 1476 lacile
826 1403 869 1477 ab
924 1404 1191 1477 irrationalitate
1245 1404 1435 1493 liberatur,
1490 1405 1578 1476 istae
1631 1405 1727 1494 ipsae
1779 1403 1849 1475 ior·

269 1530 383 1600 mulae
446 1529 641 1620 propositae
705 1548 769 1619 ope
834 1527 976 1600 idoneae
1031 1528 1288 1600 substitutionis
1340 1528 1385 1600 ab
1438 1528 1705 1601 irrationalitate
1764 1527 1850 1599 libo·

267 1653 339 1723 rari
383 1659 547 1743 possunt;
602 1652 692 1723 unde
738 1653 860 1723 mirum
916 1673 981 1723 non
1027 1657 1099 1740 est,
1155 1654 1271 1727 aarum
1324 1652 1506 1742 integralis
1559 1652 1631 1724 sive
1683 1672 1747 1742 per
1800 1652 1850 1724 lo·

267 1777 480 1867 garitbmum
536 1777 609 1849 aive
663 1796 726 1865 per
780 1796 899 1847 arcum
954 1776 1156 1847 circularem
1202 1775 1359 1847 exhiberi
1404 1777 1566 1866 potuisse.
1624 1776 1715 1848 Satis
1759 1776 1849 1848 enirn

262 1898 335 1992 jam
399 1907 452 1973 est
513 1907 708 1987 ostensum,
781 1901 932 1971 omnium
994 1898 1220 1971 formularum
1282 1899 1560 1972 differentialinm
1632 1900 1850 1973 rationalium

266 2025 452 2114 integralis
504 2044 640 2114 semper
694 2024 749 2095 vel
804 2045 866 2113 per
920 2024 1146 2114 logoritbmos
1195 2032 1231 2094 et
1277 2043 1379 2095 arcus
1425 2025 1632 2113 circulares,
1688 2019 1743 2096 vel
1788 2025 1849 2124 cd·

267 2168 307 2219 eo
360 2148 556 2238 algebraice
609 2146 763 2219 exbiberi
817 2167 945 2237 possep
1009 2147 1099 2237 qnod
1153 2147 1260 2237 igitur
1314 2148 1419 2219 etiam
1473 2147 1516 2219 de
1569 2147 1640 2219 illis
1693 2146 1850 2219 formulis

267 2271 528 2343 irrationalibus
582 2277 635 2342 est
688 2271 893 2360 tenendum,
961 2291 1047 2360 quas
1101 2276 1215 2342 certae
1269 2271 1523 2370 substitutionis
1577 2290 1641 2361 ope
1694 2270 1739 2341 ad
1792 2291 1849 2341 ra-

266 2395 493 2467 tionalitatem
548 2393 736 2483 perducere
790 2395 883 2466 licet.
964 2393 1063 2466 Unde
1117 2395 1268 2466 vicissim
1299 2394 1440 2485 plures
1503 2393 1707 2466 Geometrae
1757 2415 1849 2479 ‚con-

266 2520 461 2590 cluserunt:
519 2520 549 2588 si
594 2538 682 2607 quae
727 2516 875 2589 lormnla
902 2517 1155 2606 ,differentialis
1210 2519 1303 2590 nullo
1357 2521 1458 2611 plane
1512 2520 1612 2591 modo
1665 2520 1708 2590 ab
1761 2521 1848 2591 irra-

265 2643 460 2715 tionalitate
513 2642 654 2713 liberari
701 2648 823 2733 queat,
879 2648 952 2713 tum
998 2643 1073 2734 ejus
1118 2643 1288 2733 integrale
1332 2644 1435 2714 etiam
1482 2664 1592 2733 neque
1637 2663 1700 2734 per
1751 2644 1847 2735 loga-

266 2768 411 2839 ritbmos
465 2787 528 2838 nec
555 2787 674 2838 arcus
718 2765 924 2858 circulares,
978 2765 1087 2838 multo
1133 2768 1243 2838 minus
1287 2767 1483 2858 algebraica
1527 2769 1675 2858 exprimi
1727 2789 1847 2860 posse,

265 2892 325 2962 sed
385 2892 428 2961 ad
491 2890 584 2962 aliud
647 2910 756 2981 genus
819 2890 1051 2980 quantitatum
1113 2892 1426 2963 transcendentium
1488 2889 1613 2965 reterri
1675 2900 1847 2983 oportere.

266 3013 450 3086 Caeterum
523 3015 730 3085 combinatio
794 3013 940 3086 duorum
1003 3015 1282 3105 praecedentium
1344 3015 1579 3106 exemplorum
1650 3017 1851 3090 manuducit

264 3140 308 3210 ad
335 3139 541 3210 solutionem
567 3138 794 3228 sequentium.
1337 3156 1354 3165 ·

850 3420 1175 3510 Exemplum
1225 3399 1264 3492 3.

450 3595 480 3688 ᾖ.
512 3599 573 3666 40.
629 3593 669 3666 Si
689 3594 871 3685 proposita
896 3591 1003 3682 suerit
1029 3593 1109 3667 boec
1134 3591 1286 3682 formala
1312 3591 1551 3684 differeodiola‘e
1855 3584 1857 3589 ,

262 4003 336 4092 ejas
362 4002 528 4093 inteprm
554 4002 719 4074 iooeoirc.

444 4232 542 4302 Hanc
595 4230 776 4303 iormdlam
829 4252 894 4321 per
949 4239 1107 4303 neutram
1161 4232 1442 4305 substitutionem
1500 4239 1581 4312 ante
1642 4241 1844 4325 usurpatum

261 4357 465 4428 rationalem
529 4355 673 4427 reddere
741 4354 843 4426 licet:
917 4361 1063 4443 utraque
1125 4360 1240 4426 tamen
1297 4355 1420 4447 juncta
1482 4358 1658 4447 negotium
1724 4356 1846 4431 confici
1894 4392 1897 4458 χ

261 4480 409 4571 poterit,
465 4500 611 4568 namque
665 4477 740 4569 ejus
794 4478 964 4568 integrale
1016 4498 1080 4567 per
1133 4478 1356 4567 logarithmos
1408 4485 1445 4551 et
1496 4500 1598 4552 arcus
1656 4479 1845 4554 circulares

261 4605 417 4694 sequenti
471 4599 616 4674 artificio
671 4603 884 4693 expedietur.
958 4601 1145 4674 Formnla'
1176 4603 1266 4674 anim
1319 4604 1495 4694 proposita·
1547 4605 1583 4675 iu
1637 4605 1760 4677 binas
1789 4626 1843 4678 se·

259 4734 404 4818 quentes
430 4734 546 4816 partes
575 4727 723 4815 discerpi
750 4732 884 4814 potest,
912 4745 999 4814 quae
1026 4734 1106 4797 aunt
