4230 5670
818 496 882 569 AD
911 494 1062 569 FINEM
1087 493 1199 569 TOM.
1226 495 1289 568 111.

262 719 355 808 tem,
400 731 489 804 qnae
515 709 580 783 hcc
606 706 756 782 formula
781 707 944 800 integrali
971 709 1165 782 continetur

474 877 1682 1044 toccu-ca(stetero,

265 1123 365 1217 enjus
428 1121 615 1213 integratio
673 1122 723 1194 ita
776 1121 853 1213 capi
907 1120 1029 1215 debet,
1111 1125 1151 1192 ut
1202 1123 1238 1193 in
1290 1121 1365 1211 ipso
1426 1122 1574 1194 termino
1636 1122 1762 1196 initiali
1814 1125 1848 1198 A
1882 1216 1886 1227 Ι

263 1253 464 1338 evanescat,
547 1265 618 1359 qua
680 1244 874 1319 conditione
937 1251 1097 1317 constans
1149 1240 1343 1334 arbitraria
1405 1244 1674 1339 determinatur,
1755 1248 1847 1340 quod

263 1370 292 1444 si
336 1390 420 1462 ergo
468 1371 504 1443 in
549 1369 696 1462 singulis
748 1367 884 1462 punctis
928 1369 995 1443 ΧΥ
1048 1370 1133 1443 haec
1186 1370 1332 1443 formula
1384 1371 1558 1462 applicata
1610 1371 1846 1464 intelligatur,

263 1500 490 1588 aggregatum
547 1495 698 1567 omnium
759 1495 904 1567 istarum
967 1490 1191 1567 formularum
1253 1495 1512 1568 elementarium
1564 1496 1609 1568 ab
1662 1497 1761 1570 initio
1814 1496 1847 1570 A

263 1640 372 1711 usque
423 1618 468 1692 ad
520 1621 705 1692 terminum
758 1619 798 1691 Μ
852 1623 1031 1692 extensum
1090 1619 1271 1711 praebebit
1332 1619 1477 1710 primam
1537 1625 1672 1711 partem
1732 1622 1847 1693 varia·
1988 1712 1991 1723 1

265 1743 368 1818 tionis
413 1744 612 1836 quaesitae,
667 1748 773 1841 atque
816 1743 874 1816 hic
918 1742 1053 1835 quidem
1098 1745 1134 1816 in
1178 1742 1291 1836 figura
1334 1744 1551 1836 perspicuum
1591 1749 1664 1837 est,
1719 1746 1847 1839 spatio·

263 1870 336 1942 lum
381 1868 437 1942 Yo
482 1869 673 1960 exprimere
725 1868 973 1942 incrementum
1025 1869 1217 1963 applicatae
1258 1891 1283 1960 p
1325 1889 1347 1941 a
1391 1869 1465 1941 sola
1517 1868 1676 1942 variabili
1720 1874 1735 1943 t
1778 1871 1884 1948 ori·,

263 2020 412 2114 undum,
466 2017 516 2094 ita
543 2025 583 2093 ut
608 2018 655 2094 sit
681 2020 736 2092 Yo
756 2012 860 2098 :vit
875 1984 962 2147 (ἐξ).

452 2240 487 2335 §.¹
542 2243 603 2315 39.
685 2239 782 2313 Haeo
831 2239 941 2332 igitur
993 2239 1106 2332 prima
1166 2260 1249 2332 pars
1309 2240 1508 2314 variationis
1569 2240 1713 2315 involvit
1774 2261 1847 2314 om-

262 2367 322 2438 nia
375 2365 522 2457 spatiola
574 2366 628 2438 Yo
681 2365 773 2438 intra
825 2365 990 2438 terminos
1041 2365 1075 2436 A
1119 2370 1156 2437 et
1199 2365 1239 2439 M
1284 2372 1464 2457 contenta,
1519 2385 1607 2457 quae
1651 2386 1758 2458 quum
1810 2366 1848 2437 in

262 2489 433 2564 infinitum
486 2489 617 2563 variari
661 2490 813 2582 possint,
866 2494 971 2582 atque
1015 2488 1100 2562 adeo
1143 2509 1165 2562 a
1207 2488 1366 2580 positivis
1418 2488 1463 2560 ad
1516 2490 1686 2579 negativa
1733 2495 1846 2562 traus-
1927 2580 1931 2587 ἱ

269 2615 321 2688 ire
368 2620 514 2708 queant,
569 2615 736 2687 maximae
781 2613 990 2686 variationes
1043 2613 1099 2685 hic
1153 2612 1265 2687 locum
1318 2612 1447 2685 habere
1490 2620 1644 2704 possunt.
1717 2612 1848 2687 Verum

264 2744 380 2812 mmen
427 2740 549 2812 unicus
593 2758 692 2812 casm
735 2737 817 2811 hino
861 2737 965 2811 debet
1008 2737 1137 2832 excipi,
1192 2757 1260 2830 quo
1304 2757 1410 2811 curva
1447 2737 1522 2810 AM
1561 2739 1612 2811 ita
1656 2743 1710 2811 est
1754 2758 1846 2812 com·

262 2869 405 2956 parata,
449 2868 491 2936 ut
515 2864 563 2938 sit

477 3015 1266 3164 ΟΞΝ-ΞΞ-ὓ--ὸὲ-ῗ-ἓ-Ι-ςέέ
1345 3106 1353 3124 .

264 3261 338 3329 tum
392 3256 483 3328 enim
536 3260 710 3349 uteunque
763 3276 889 3329 curvae
940 3256 1116 3348 proximae
1169 3254 1298 3329 fuerint
1341 3260 1576 3347 comparatae,
1648 3255 1716 3328 ista
1760 3274 1840 3346 paru

263 3381 377 3472 prima
428 3380 650 3474 variationis,
698 3393 849 3474 'semper
901 3381 937 3452 in
991 3381 1137 3453 nihilum
1191 3381 1274 3454 abit.
1347 3380 1468 3471 Neque
1521 3380 1670 3453 deviatio
1723 3400 1846 3453 curra·

263 3525 342 3576 rum
386 3505 620 3596 proximarum
660 3529 713 3604 ap
757 3526 779 3578 a
822 3505 1004 3597 principali
1048 3505 1120 3580 AM
1165 3506 1257 3578 intra
1301 3505 1466 3578 terminos
1508 3507 1541 3578 A
1586 3510 1622 3577 et
1665 3504 1705 3578 M
1749 3505 1846 3595 quic-

264 3647 367 3718 quam
421 3629 466 3702 ad
519 3629 745 3702 variationem
799 3629 951 3718 confert;
1033 3650 1075 3703 ex
1128 3651 1196 3722 qno
1249 3630 1334 3703 haec
1388 3649 1493 3703 curva
1550 3638 1719 3721 respectu
1775 3629 1846 3702 ior·

264 3753 380 3826 mulae
447 3753 628 3845 integralis
691 3743 815 3857 tzor
881 3755 1053 3846 imprimis
1123 3761 1176 3827 est
1241 3755 1492 3845 memorabilis,
1574 3753 1847 3845 qnandoquidem

263 3878 299 3950 iu
352 3898 395 3951 ea
448 3878 534 3951 haec
587 3874 740 3976 formula¹
788 3878 968 3971 integralis
1021 3879 1077 3952 vel
1130 3881 1316 3952 maximnm
1374 3880 1429 3951 vel
1483 3879 1662 3950 minimum
1716 3877 1847 3951 obtinet

263 4001 426 4076 valorem.

474 4197 747 4289 Explicatio
790 4199 945 4291 partis
988 4198 1219 4272 secundae
1263 4198 1307 4270 in
1353 4196 1633 4271 variatione.

448 4376 481 4470 ξ.
520 4381 581 4450 40.
654 4374 923 4467 Progrediamur
973 4396 1066 4456 nnnc
1119 4376 1163 4449 ad
1216 4375 1398 4449 secundam
1452 4380 1588 4468 partem
1643 4374 1847 4450 variationis

263 4521 368 4593 supra
393 4502 574 4594 inventae,
620 4505 791 4593 quaeest

544 4669 1241 4818 -P-}÷ss—ss÷m

319 4856 397 4932 Vol.
425 4856 491 4932 IV.
