4230 5670
680 566 683 571 .
822 487 1215 565 SUPPLEMENTUM
1270 491 1299 562 Ι

260 1199 336 1273 Η11
392 1201 502 1293 igitur
530 1201 655 1274 modo
708 1201 772 1275 has
824 1203 1094 1295 integrationes,
1158 1222 1354 1294 quousque
1406 1200 1569 1294 libuerit,
1651 1199 1852 1273 continuare

260 1325 363 1420 licet,
419 1326 501 1398 dum
545 1346 588 1398 ex
631 1326 722 1398 binis
767 1327 960 1418 quibusque
1008 1347 1155 1419 sequens
1199 1347 1263 1418 ope
1308 1325 1411 1418 hujus
1464 1323 1607 1417 regulae
1659 1321 1851 1418 formatur,

261 1452 312 1523 ita
356 1455 396 1522 ut
440 1451 555 1524 omnia
598 1452 684 1526 haec
731 1452 916 1543 integralis
960 1453 1014 1524 vel
1060 1473 1081 1525 a
1125 1451 1344 1543 logorithmis
1388 1451 1445 1524 rel
1490 1449 1534 1524 ab
1579 1449 1730 1522 arcubus
1783 1450 1851 1522 cir-

263 1575 439 1649 cularibus
493 1576 685 1670 pendeant,
740 1577 856 1668 prouti
910 1575 1104 1651 coelfioiens
1148 1598 1167 1649 1
1209 1574 1317 1648 fuerit
1360 1574 1416 1648 rel
1469 1575 1638 1666 positivus
1690 1575 1746 1647 vel
1791 1594 1851 1646 ne·

259 1703 410 1792 gativns.
491 1699 716 1775 Manifestum
771 1709 904 1774 autem.
940 1709 994 1775 est
1046 1703 1132 1774 istos
1184 1702 1321 1774 valores
1374 1700 1546 1791 assignari
1598 1720 1666 1772 non
1728 1719 1850 1791 posse,

259 1826 325 1899 nisi
353 1846 526 1920 exponens
553 1848 577 1900 1
603 1825 711 1900 fuerit
737 1847 901 1901 numerus
927 1828 1064 1920 integer
1090 1827 1270 1918 positivus.

819 2139 1293 2176 ——---·--

135 2440 143 2454 ’
261 2484 319 2628 3)
391 2485 462 2600 De
514 2485 855 2625 integratione
917 2442 1459 2630 1“1111111111ὸῖἶῗ-“--1
1368 2476 1409 2622 ,ζ
1471 2569 1481 2615 ,
1416 2458 1851 2674 ⁵⁶⁴'cellarumque

436 2654 659 2790 ejusdem
704 2654 927 2794 gononis,
974 2688 1062 2793 per
1097 2654 1286 2793 logorit
1262 2655 1520 2768 thmosot
1555 2685 1704 2766 arous
1758 2650 1851 2764 oin-

437 2815 643 2930 1111111.
754 2831 822 2932 M.
902 2827 953 2931 S.
1034 2824 1319 2933 Academiae
1399 2829 1556 2931 11111111.
1637 2825 1710 2929 dte
1790 2810 1850 2925 16

441 2988 568 3121 Sept.
623 2973 768 3092 1776.

445 3231 476 3326 5.
526 3229 735 3306 510111
782 3232 866 3303 mihi
911 3252 978 3304 non
1023 3232 1073 3304 ita
1117 3232 1251 3324 pridem
1297 3231 1517 3323 contigisset,
1570 3228 1739 3321 integrale
1783 3229 1850 3301 hu-

642 3366 679 3423 c
696 3349 867 3440 11111

258 3418 317 3511 jus
379 3415 548 3491 formulae
606 3384 679 3536 [ω
928 3438 991 3510 per
1052 3438 1171 3491 arcum
1235 3419 1440 3491 circularem
1503 3423 1540 3490 et
1601 3386 1849 3508 logaritlnmum

706 3479 766 3531 1-
775 3479 809 3530 11

261 3570 473 3661 exprimere,
537 3571 623 3644 haec
675 3572 863 3662 integratio
919 3592 960 3644 eo
1014 3572 1125 3663 magis
1178 3571 1264 3643 mihi
1316 3571 1391 3642 risa
1444 3573 1498 3642 est
1550 3574 1672 3642 notatu
1724 3568 1848 3660 digna,

260 3694 350 3786 qnod
420 3694 514 3768 nullo
586 3697 686 3770 modo
758 3696 1031 3788 perspiciebam,
1113 3716 1188 3768 eam
1251 3695 1296 3768 ad
1366 3693 1635 3767 rationalitatem
1708 3692 1851 3785 perduci

260 3838 379 3909 posse,
441 3820 717 3913 quandoquidem
771 3826 905 3894 certum
960 3826 1032 3914 est,
1096 3821 1198 3892 istam
1252 3819 1457 3912 formulam,
1512 3839 1602 3911 quae
1660 3817 1848 3910 simplicior

261 3960 438 4054 rideatur,
498 3949 797 4071 11111111-
824 3949 906 4057 11),
976 3963 1177 4055 neutiquam
1244 3962 1288 4035 nd
1349 3962 1619 4035 rationalitatem
1691 3960 1850 4034 revocari

260 4123 380 4196 posse,
462 4125 572 4197 neque
640 4107 731 4181 enim
793 4108 973 4202 ridebam,
1056 4106 1284 4180 accessionem
1348 4105 1616 4180 denominatoris
1685 4109 1785 4178 1-
1812 4094 1850 4176 1ι

259 4226 348 4300 hanc
401 4227 634 4302 reductionem
688 4236 891 4322 promovere
945 4253 1066 4325 posse,
1126 4231 1275 4323 hincque
1328 4230 1575 4319 concludebam
1628 4228 1704 4302 dari
1757 4228 1849 4321 ejus·

259 4353 352 4426 modi
409 4351 573 4427 formulas
627 4354 873 4430 differentiales
926 4357 1168 4451 irrationales,
1242 4377 1389 4448 quarum
1443 4356 1629 4448 integralis
1682 4376 1745 4446 per
1796 4354 1849 4426 lo·

260 4477 452 4566 garithmos
495 4484 531 4551 et
575 4499 676 4553 arcus
722 4481 908 4555 circulares
962 4480 1127 4554 exhibere
1173 4482 1297 4572 liceat,
1354 4483 1490 4554 etiamsi
1535 4481 1630 4553 nulla
1682 4479 1849 4554 substitu-

259 4600 353 4673 tione
405 4604 448 4676 ab
501 4604 770 4678 irrationalitate
823 4606 965 4678 liberari
1015 4610 1164 4697 queant:
1218 4607 1448 4699 quaequidem
1502 4606 1676 4679 conclusio
1730 4605 1848 4696 ntique

251 4726 353 4811 ⁴ualet
378 4747 441 4818 pro
467 4726 623 4803 formulis
651 4731 867 4826 compositis,
896 4751 1092 4824 quanquam
1120 4732 1211 4804 enim
1238 4732 1325 4805 istae
1351 4730 1519 4806 formulae
