4216 5676
834 496 899 569 ΑΙ)
928 496 1082 570 FINEM
1109 494 1222 570 TOM.
1249 498 1313 571 ΠΙ.

491 732 600 995 Ξῖ
571 704 815 993 up
835 700 1196 993 arripe-2
1147 700 1420 868 avam
1437 701 1670 865 ooo-eo

492 1083 628 1172 t
581 890 766 1222 b
720 879 870 1219 l
871 880 1205 1219 ιιι-ι).

466 1388 499 1481 §-
534 1390 597 1460 23.
678 1387 803 1461 Totum
857 1406 940 1477 ergo
993 1387 1169 1477 negotium
1222 1386 1291 1458 buo
1345 1385 1455 1478 redit,
1537 1389 1578 1458 nt
1628 1385 1665 1457 in
1717 1383 1866 1460 formula

278 1512 340 1585 illa
392 1511 613 1586 differentiali
665 1531 729 1602 pro
781 1502 848 1588 dV
900 1510 1002 1601 data,
1082 1510 1158 1584 loco
1212 1507 1426 1600 singulorum
1477 1508 1753 1583 differentialium
1807 1511 1867 1585 isti

280 1637 416 1711 valores
466 1636 742 1729 substituantur,
823 1636 956 1726 bocque
1008 1634 1109 1708 modo
1163 1634 1316 1727 prodibit
1366 1634 1514 1707 variatio
1566 1634 1792 1726 expressionis
1833 1634 1866 1707 V

281 1782 326 1834 ex
380 1762 454 1835 sola
498 1761 730 1835 variabilitate
774 1760 884 1852 ipsius
926 1765 940 1832 t
981 1758 1147 1854 oriunda,
1201 1780 1262 1832 seu
1306 1759 1402 1832 valor
1455 1759 1559 1853 bnjus
1611 1756 1778 1831 formulae
1830 1751 1867 1838 dt

277 1879 379 2040 (ἒξ),
461 1913 622 2005 quoniam
676 1919 793 1985 autem
846 1911 983 2003 singola
1036 1910 1191 1985 membra
1248 1910 1416 1984 elemento
1469 1902 1514 1988 dt
1567 1914 1670 1982 erunt
1721 1906 1864 2003 affecta,

278 2085 320 2137 eo
346 2064 471 2138 omisso
499 2064 724 2157 adipiscimur
750 2068 949 2156 sequentem
976 2062 1121 2136 formam

437 2285 1002 2483 ιιιειιψ

276 3131 365 3202 qnae
418 3110 462 3183 ad
514 3108 722 3183 variationes
774 3128 1056 3201 quarumcunque
1110 3108 1366 3200 expressionum
1423 3107 1565 3181 secundi
1619 3107 1757 3200 generis
1810 3108 1863 3182 in·

276 3234 461 3309 veniendae
487 3233 625 3308 sufficit.

464 3498 496 3591 ξ.
549 3501 610 3571 24.
693 3497 795 3571 Nunc
848 3498 1085 3590 expressiones
1138 3497 1234 3570 tertii
1288 3498 1424 3590 generis
1478 3498 1620 3591 aggredi
1675 3500 1864 3591 poterimus

277 3622 445 3697 formulas
498 3622 687 3715 integrales
739 3624 952 3696 involventes
1005 3623 1041 3694 in
1086 3622 1210 3713 quibus
1262 3623 1478 3713 potissimum
1530 3624 1583 3697 vis
1635 3624 1739 3719 hujus
1791 3645 1863 3698 me-

277 3749 376 3822 tbodi
429 3748 594 3821 cernitur.
676 3744 819 3837 Quando
873 3747 964 3819 enim
1026 3747 1179 3838 quaestio
1240 3746 1333 3820 cirea
1395 3748 1544 3821 maxima
1595 3748 1651 3822 vel
1704 3750 1864 3844 minima,

279 3893 368 3965 quae
408 3873 446 3944 in
490 3868 738 3963 superficiebus
783 3891 967 3944 occurrere
1011 3876 1177 3965 possunt,
1231 3875 1411 3964 versatur,
1466 3869 1614 3945 formula
1640 3874 1722 3965 illa,
1776 3896 1864 3967 qnae

276 3997 462 4070 maximum
514 3996 571 4068 vel
624 3997 802 4068 minimum
846 3996 945 4069 reddi
988 3995 1112 4089 debet,
1166 3997 1359 4069 necessario
1404 4002 1457 4069 est
1509 3995 1658 4070 formula
1710 3999 1862 4091 integra-

226 4214 229 4221 ·
277 4121 323 4194 lis
376 4127 482 4211 atque
526 4121 611 4194 adeo
655 4117 802 4193 formula
845 4120 1026 4212 integralis
1072 4120 1268 4213 duplicata,
1323 4122 1421 4214 cnjus
1465 4121 1614 4195 indolem
1666 4122 1724 4195 bic
1775 4144 1861 4215 pau-

277 4246 327 4320 cis
390 4246 557 4336 explicari
619 4246 787 4318 convenit.
870 4242 1162 4334 Quemadmodum
1224 4245 1315 4316 enim
1378 4245 1414 4317 in
1475 4245 1703 4338 praecedente
1765 4254 1864 4338 parte

276 4369 520 4444 formulae
510 4371 699 4461 mtegrales
765 4370 938 4463 simplices
1004 4374 1087 4442 sunt
1149 4369 1405 4462 consideratae,
1487 4391 1575 4461 quae
1636 4368 1679 4443 ad
1746 4370 1862 4445 domm

277 4494 464 4568 abscissam
506 4515 531 4565 a
575 4499 657 4568 sunt
699 4493 851 4587 relatae,
905 4495 955 4566 ita
999 4495 1056 4567 bic
1110 4495 1145 4566 in
1190 4491 1457 4588 superficiebus,
1511 4495 1729 4585 quaestiones
1772 4516 1861 4569 sem·

277 4640 340 4712 per
385 4639 452 4690 non
496 4617 541 4689 ad
586 4618 694 4691 solam
738 4616 922 4690 abscissam
965 4639 1009 4710 a,
1064 4618 1123 4691 sed
1168 4618 1213 4690 ad
1256 4623 1369 4691 totum
1412 4617 1582 4710 quoddam
1635 4620 1783 4711 spatium
1825 4621 1863 4693 in

278 4745 382 4837 plano
436 4740 643 4829 horizontali
695 4748 859 4833 tanquam
912 4742 1029 4817 basem
1081 4747 1163 4816 eunt
1206 4739 1426 4837 referendae,
1481 4743 1537 4816 cui
1580 4744 1694 4835 portio
1741 4766 1863 4837 super-

332 4867 414 4943 Vol.
439 4866 503 4941 IV.
