4230 5670
813 506 878 580 ao
905 505 1017 582 rom.
1045 508 1075 581 1.
1123 507 1233 582 ons.
1262 507 1326 582 ru.
1785 514 1861 585 115
2049 450 2052 459 ⁵

909 720 1233 794 Theorema.

144 982 148 991 ¹
462 897 494 992 ς.
526 899 587 972 59.
643 897 681 973 Si
707 922 732 968 u
757 895 865 970 luerit
890 896 1018 971 divisor
1045 897 1232 972 communis
1259 918 1479 972 numerorum
1504 920 1541 971 oc
1567 905 1604 973 et
1628 852 1675 992 a,
1707 898 1862 990 haecque

276 1048 424 1124 formula
448 1016 522 1181 (ξ)
548 1050 689 1125 denotet
713 1050 866 1124 valorem
893 1050 1071 1142 integralis

399 1270 400 1274 '
615 1261 721 1344 ul*¹
741 1265 788 1351 ra

482 1277 872 1520 lou-ua

276 1627 321 1699 ab
346 1648 371 1699 o
390 1632 483 1700 =0
511 1649 621 1721 usque
648 1627 693 1700 ad
719 1649 744 1699 c
763 1659 811 1690 =
836 1632 853 1698 1
885 1628 1037 1722 extensi,
1075 1628 1144 1700 crit

490 1795 1629 1978 [coartor-pgng....q7«
1674 1816 1692 1853 2

580 2027 1680 2267 1-2-³··---o—1>e›<o‹o·5·--<····

836 2444 1300 2518 Demonstratio.

459 2620 515 2692 Ex
541 2618 769 2720 praecedente
796 2620 925 2692 scholio
952 2621 1084 2693 veritas
1119 2618 1223 2713 hujus
1259 2619 1484 2693 theorematis
1510 2619 1738 2711 perspicitur,
1781 2639 1859 2691 cum

276 2741 365 2815 enim
393 2743 442 2815 ibi
468 2743 596 2816 diuisor
622 2745 811 2817 communis
838 2750 929 2817 esset
949 2776 996 2807 =
1016 2744 1061 2839 d,
1107 2744 1247 2836 binique
1275 2745 1409 2817 numeri
1444 2745 1612 2836 propositi
1638 2742 1698 2815 dm
1724 2747 1760 2816 et
1786 2744 1859 2835 do,
2003 2808 2006 2815 .

269 2863 398 2939 horum
425 2868 499 2941 loeo
529 2867 585 2940 hic
620 2868 744 2958 scripsi
769 2891 805 2940 m
831 2876 868 2941 et
894 2890 938 2962 o,
983 2871 1058 2943 loco
1086 2869 1246 2942 divisoris
1281 2888 1401 2948 eorum
1437 2872 1553 2939 autem
1581 2867 1606 2938 cl
1632 2867 1783 2940 litteram
1814 2890 1859 2959 a,
1979 2920 1981 2925 »

275 3011 377 3082 quam
412 2991 571 3065 divisoris
606 2992 775 3066 rationein
811 2994 1000 3085 aequalitas
1036 2995 1219 3066 enunciata
1254 2994 1305 3066 ita
1341 2992 1584 3084 complecitur,
1631 2997 1672 3064 ut
1703 2992 1739 3063 in
1775 3011 1856 3082 pro-

276 3116 449 3207 gressione
476 3117 697 3191 arithmetice
724 3143 768 3209 α,
799 3122 878 3208 2u,
909 3121 987 3211 δα,
1015 3124 1081 3191 etc.
1110 3118 1312 3191 continuata
1338 3137 1522 3191 occurrere
1549 3121 1766 3188 assumantur
1792 3116 1861 3206 ipsi
1897 3123 1901 3129 ’

275 3241 409 3313 numeri
435 3263 471 3312 m
497 3247 533 3313 et
558 3263 583 3313 o
618 3240 764 3334 ideoque
800 3243 903 3313 etiam
931 3264 967 3314 m
985 3284 1036 3295 —
1055 3265 1080 3312 α
1107 3246 1142 3313 ct
1167 3263 1193 3313 a
1210 3280 1261 3297 -
1281 3264 1316 3315 α.
1373 3239 1557 3314 Caeterum
1593 3238 1694 3312 laleri
1730 3259 1857 3333 cogor,

276 3366 362 3438 hanc
407 3365 729 3439 demonstrationem
774 3371 894 3458 utpote
938 3366 1126 3439 inductioni
1175 3366 1389 3458 potissimum
1435 3366 1607 3456 innixam,
1640 3365 1858 3455 neutiquam

231 3493 234 3498 ’
275 3510 338 3581 pro
364 3490 520 3581 rigorose
554 3490 676 3563 haberi
703 3511 821 3581 posse:
868 3510 945 3563 cum
972 3497 1088 3563 autem
1123 3491 1345 3564 nihilominus
1381 3490 1424 3563 de
1459 3490 1536 3582 ejus
1570 3490 1718 3562 veritate
1752 3489 1859 3562 simus

276 3615 443 3702 convicti,
477 3615 542 3687 hoc
568 3614 745 3688 theorema
772 3635 813 3687 eo
839 3615 962 3708 majori
997 3615 1187 3688 attentione
1214 3614 1356 3706 dignum
1382 3614 1541 3708 videtur,
1577 3615 1717 3687 interim
1743 3619 1860 3686 tamen

276 3735 409 3809 nullum
437 3742 490 3810 est
524 3738 687 3832 dubium,
734 3739 816 3830 quin
852 3738 992 3812 uberior
1026 3739 1221 3832 hujusmodi
1257 3737 1482 3812 formularum
1521 3739 1742 3830 integralium
1778 3758 1860 3810 evo·

279 3862 364 3936 lutio
390 3861 528 3936 tandem
555 3862 742 3956 perfectam
769 3864 1094 3938 demonstrationem
1120 3864 1168 3937 sit
1194 3864 1386 3957 largitura,
1423 3864 1514 3957 quod
1541 3871 1657 3937 autam
1680 3861 1753 3955 jam
1778 3867 1860 3935 ante

173 4037 175 4041 ψ
227 3968 230 3973 ’
275 3985 363 4061 hanc
397 3987 580 4061 veritatem
615 3988 713 4061 nobit
746 3989 943 4082 perspicere
979 3989 1137 4082 hcuerit,
1181 3989 1315 4080 insigne
1346 3989 1426 4063 hinc
1460 3989 1632 4080 specimen
1667 3986 1859 4079 amlyticae

276 4111 551 4206 investigationis
577 4115 701 4188 clucet.

817 4432 1224 4510 corollarium
1282 4438 1314 4507 1.

460 4611 494 4705 §-
525 4613 586 4685 60.
640 4610 677 4683 Si
711 4613 787 4687 loco
822 4615 999 4706 signorum
1043 4612 1276 4684 adhibitorum
1320 4611 1413 4701 ipsas
1457 4606 1623 4681 formulas
1668 4609 1857 4700 integrales
1980 4623 1982 4629 ·

248 4713 249 4717 ¹
275 4733 543 4829 substituamus,
580 4735 758 4811 theorema
784 4746 939 4814 nostrum
967 4739 1016 4812 ita
1042 4758 1080 4810 se
1107 4736 1252 4810 habebit
1278 4739 1318 4806 ut
1344 4734 1390 4807 sit

228 4863 231 4872 ¹
1456 4861 1502 4930 15
1521 4856 1541 4901 '⁸'
