4230 5670
813 456 1204 534 SUPPLEMENTUM
1258 464 1322 535 [ΙΙ.

483 667 1788 834 a]=÷un·‘·'⁶-1-2-³·-·o-·1>(‡)({2)(÷)····(’·1‚.†
1845 764 1852 780 ·

824 1048 1289 1122 Demonstratio.

454 1226 525 1299 Pro
550 1245 656 1319 casu,
683 1246 751 1319 quo
777 1232 875 1300 met
901 1247 926 1298 n
952 1233 1034 1301 sunt
1059 1229 1194 1330 numeri
1221 1229 1376 1302 intense
1403 1231 1526 1322 primi,
1563 1233 1691 1306 veritas
1717 1233 1853 1308 theore-

269 1354 372 1427 matis
398 1354 433 1424 in
459 1351 741 1425 antecedentibus
771 1357 824 1425 est
851 1353 983 1441 evicta3
1022 1353 1112 1444 quod
1137 1357 1254 1426 autem
1281 1355 1385 1426 etiam
1423 1355 1534 1428 locum
1563 1356 1708 1450 habeat,
1745 1359 1775 1430 si
1801 1361 1854 1433 illi
1891 1444 1895 1455 ¹

269 1479 402 1553 numen
427 1499 462 1549 a·
489 1484 525 1550 et
551 1497 576 1548 n
603 1496 782 1549 commune
808 1476 957 1550 divisore
983 1477 1178 1569 gaudeant,
1206 1478 1285 1550 inde
1312 1477 1450 1568 quidem
1479 1501 1545 1551 non
1574 1481 1702 1571 liquet:
1735 1505 1853 1557 verum

267 1604 524 1695 eudociam,
560 1601 651 1693 quod
678 1621 742 1692 pro
768 1601 926 1693 casibus,
965 1602 1090 1694 quibus
1115 1623 1151 1674 m
1178 1607 1214 1674 et
1241 1623 1265 1674 o
1292 1608 1373 1675 sunt
1403 1605 1536 1676 numeri
1563 1605 1689 1698 primi,
1725 1609 1855 1681 veritas

268 1736 424 1815 nnana,
459 1734 536 1801 tuto
571 1725 776 1800 concludere
812 1727 914 1816 lieet,
960 1727 1139 1801 theorema
1175 1728 1210 1797 in
1247 1747 1373 1818 genere
1410 1749 1485 1801 esse
1521 1750 1651 1802 verum.
1708 1733 1853 1828 Minime

269 1854 409 1951 quidem
435 1850 586 1927 diffiteor
612 1852 678 1927 hoo
714 1852 938 1933 concludendi
965 1873 1073 1944 genus
1100 1872 1242 1943 prossus
1277 1872 1352 1925 esse
1379 1853 1573 1946 singulare,
1611 1876 1652 1928 ae
1679 1858 1852 1949 plerisque

269 1986 467 2075 suspectum
498 1978 607 2052 videri
635 1977 772 2052 debere.
828 1975 945 2068 Quare
972 2000 1038 2070 quo
1074 1978 1204 2050 nullum
1241 1977 1381 2050 dubium
1417 1978 1655 2073 relinquatur,
1692 1984 1852 2073 quoniam

268 2126 333 2202 nna
368 2103 527 2195 canons,
572 2103 699 2196 quibus
733 2105 867 2177 numeri
901 2124 937 2175 m
973 2110 1010 2177 et
1043 2125 1069 2176 u
1104 2103 1194 2175 inter
1237 2123 1275 2175 se
1319 2107 1398 2175 sunt
1438 2105 1637 2196 compositi,
1682 2109 1852 2197 geminam

266 2230 520 2327 maionem
557 2248 676 2303 sumus
710 2229 825 2317 neoti,
867 2229 1050 2319 utriusquo
1086 2246 1285 2301 consensum
1321 2247 1384 2317 pro
1419 2227 1554 2300 casibus
1590 2236 1669 2302 aute
1705 2232 1853 2306 evolutis

267 2356 456 2433 intendisse
479 2353 629 2449 juvabit.
675 2352 813 2447 Insigne
840 2358 955 2426 autem
976 2352 1051 2446 jam
1078 2352 1274 2444 suppeditat
1300 2349 1553 2426 firmamentum
1581 2374 1681 2427 casus
1705 2376 1850 2450 ποτ-τι,

266 2502 336 2579 ouo
361 2478 473 2557 duma
499 2484 617 2555 nonna
642 2475 824 2553 manifesto
852 2477 1021 2552 unitatem
1047 2476 1218 2569 producit.

814 2796 1218 2873 Corollarium
1277 2802 1308 2871 1.

449 2978 480 3074 β.
513 2980 572 3051 ot.
630 2974 770 3049 Primum
796 2993 896 3049 casus
922 2994 1107 3047 consensus
1142 2972 1465 3047 demonstrationem
1495 2976 1673 3065 postulans
1704 2981 1851 3067 estque

264 3130 298 3185 nt
319 3140 363 3171 --s
390 3110 411 3181 d
439 3110 477 3183 ot
502 3124 528 3177 u
548 3130 595 3167 =
618 3105 662 3195 ⁴1,
699 3120 765 3193 pro
792 3119 860 3191 quo
887 3120 993 3192 supra
1020 3099 1053 3193 §-
1084 3101 1134 3173 47
1162 3100 1352 3172 invenimus

477 3293 766 3421 11·1=tts4’·
785 3303 871 3414 on.

262 3540 352 3603 tutuno
380 3522 497 3597 autnn
525 3514 559 3587 vi
587 3510 813 3587 ttuoonamatis
838 3515 894 3583 ost

475 3688 1004 3817 to=tts⁴¹·¹oe›o‚

261 3916 351 3999 nunde
388 3906 646 4005 tantummono
683 3903 842 3979 instituta
878 3898 919 3973 fit
955 3896 1060 4001 (ὒν.
1081 3895 1121 3999 (ξ)
1138 3895 1197 4001 (ξ),
1221 3901 1333 3994 enjus
1369 3899 1494 3971 veritas
1530 3900 1563 3969 in
1600 3898 1847 3972 observationi·

261 4042 325 4123 onus
352 4058 460 4135 anulus
487 4032 648 4127 distantis
672 4034 727 4105 ost
754 4024 969 4103 confirmata.

812 4311 1216 4389 Corollarium
1271 4313 1306 4380 2.

447 4508 479 4601 tt.
513 4506 573 4575 oo.
632 4494 669 4573 st
698 4516 733 4569 m
754 4498 846 4567 :2
876 4497 913 4565 et
938 4511 964 4563 s
984 4520 1031 4554 =
1054 4492 1097 4579 6,
1135 4509 1179 4560 es
1206 4486 1441 4579 superioribus
1468 4486 1500 4580 §-
1531 4489 1580 4558 49
1609 4493 1663 4559 est

472 4672 907 4801 aſsumed*
