4216 5676
756 496 825 570 AD
860 489 995 571 Tou.
1030 487 1061 565 1.
1083 557 1087 559 a
1131 483 1247 566 CAP.
1283 483 1392 562 VIII.

260 747 325 829 2).
355 735 704 846 ⁴Comparatio
741 690 962 811 valorum
999 726 1237 807 formulae
1271 723 1536 824 integralis

349 1419 355 1427 ,
437 1354 718 1431 0777771770
752 1373 867 1431 a:
896 1363 918 1425 0
957 1377 1109 1455 usque
1147 1359 1196 1434 ad
1230 1378 1350 1437 rc:
1382 1363 1398 1432 l
1441 1365 1687 1432 extensae.
1743 1348 1858 1422 Nouo

353 1542 355 1545 ·
454 1509 559 1580 Aeta
606 1503 733 1578 Aead.
782 1501 882 1657 Irnp.
926 1504 1068 1582 Sciant.
1114 1508 1333 1653 Petropolil
1302 1529 1453 1581 manae
1507 1505 1618 1580 Tom.
1655 1503 1701 1575 V
1752 1497 1855 1589 Pup.

423 1657 591 1730 ao
567 1658 750 1803 777
906 1648 910 1660 ’
957 1668 961 1678 ·

451 1889 480 1997 l.
519 1895 591 1972 57
660 1890 706 1967 In
754 1892 827 1968 hac
880 1894 1044 1971 formula
1094 1897 1242 1989 litterae
1291 1920 1339 1990 η,
1369 1921 1397 1994 p
1432 1836 1529 1995 etq
1578 1896 1764 1992 perpetuo
1791 1885 1857 1960 de·

261 2021 414 2123 signant
452 2039 631 2094 numeros
675 2017 845 2121 integros
889 2021 1097 2121 posituros,
1140 2038 1180 2100 et
1219 2013 1293 2125 prd
1322 2010 1507 2121 quolibet
1540 2040 1699 2094 numero
1735 2039 1763 2087 n
1796 2011 1852 2101 bi-

260 2151 319 2226 nis
363 2146 494 2223 litteris
532 2168 560 2241 p
593 2155 633 2220 et
667 2143 692 2246 q
735 2170 870 2229 omnes
912 2151 1067 2230 valeres
1110 2137 1549 2252 tribuieonelpiuntur,
1592 2147 1646 2222 ita
1687 2155 1729 2219 ut
1769 2139 1857 2215 hinc

262 2301 334 2374 pro
377 2272 512 2372 quovis
552 2296 712 2351 numero
746 2300 774 2350 n
815 2277 1039 2355 innumerae
1080 2295 1290 2364 nascantur
1326 2276 1542 2381 hujusmodi
1578 2272 1764 2349 formulae
1800 2266 1857 2341 in·

263 2403 450 2504 tegrales,
481 2422 654 2497 quarum
692 2403 853 2493 calores·
889 2405 1076 2505 plurimas
1101 2404 1295 2508 'egregias
1329 2407 1535 2488 relationes
1568 2401 1668 2478 inter
1702 2425 1743 2477 se
1777 2418 1860 2471 ser·

262 2542 386 2618 vant;
416 2528 517 2603 unde
545 2525 590 2603 ai
624 2538 774 2632 7070777
807 2530 969 2630 aliquot·
982 2533 1125 2611 fuerint
1132 2533 1322 2636 cogniti,
1359 2532 1533 2631 reliquae
1566 2550 1701 2634 omnes
1735 2549 1781 2603 ex
1813 2521 1858 2596 ils

262 2656 411 2754 definiri
453 2668 610 2779 queant.
676 2659 764 2773 Jam
792 2657 954 2760 dudum
992 2661 1170 2783 equidem
1212 2662 1349 2775 plures
1380 2657 1603 2790 lrujtrsmodi
1646 2654 1854 2733 relationes

261 2755 716 2873 demonstrav13cum
736 2752 876 2863 autem
926 2788 1001 2865 1700
1052 2785 1320 2932 argumentum
1370 2751 1464 2864 tuin
1498 2778 1684 2887 temporis
1735 2775 1857 2857 neuti-

262 2939 376 3012 quam
425 2909 706 3003 exhausissem,
757 2935 859 2990 nunc
909 2916 1126 2993 accuratius
1174 2914 1212 2990 in
1262 2915 1354 2993 istas
1404 2915 1612 2992 relationes
1662 2909 1856 3010 inquirere

259 3039 456 3136 constitui,
496 3055 535 3115 et
567 3040 754 3146 ejusmodi
786 3044 1008 3120 methodum
1042 3043 1232 3121 adhibebo
1243 3046 1257 3136 ,’
1296 3057 1394 3144 quae
1430 3055 1564 3122 omnes
1598 3040 1712 3140 plane
1747 3037 1856 3137 hujus

261 3170 414 3272 generIs
462 3167 681 3246 relationes
711 3168 768 3247 sit
817 3152 1069 3274 exhibitura;
1101 3173 1159 3249 his
1208 3170 1308 3247 enim
1358 3173 1523 3250 inventis
1566 3158 1858 3246 Innumerabilia

163 3380 169 3389 ,
261 3301 503 3373 theoremata
555 3276 699 3369 condi
708 3289 926 3394 0077777777,
972 3298 1109 3408 quibus
1151 3297 1330 3377 universa
1363 3299 1543 3397 analysis
1585 3320 1664 3372 non
1709 3291 1858 3368 medio·

263 3422 380 3499 criter
412 3418 640 3518 locupletari
673 3421 746 3496 erit
778 3424 988 3506 censenda.
1715 3450 1717 3453 ’

459 3605 486 3719 l.
530 3616 602 3688 58.
670 3610 865 3705 Quoniam
912 3613 1027 3714 igitur
1077 3618 1150 3692 hoe
1171 3617 1316 3720 ‘modo
1364 3639 1438 3715 pro
1489 3609 1658 3712 quolibet
1695 3626 1854 3684 numero

264 3741 472 3816 nambae
510 3736 659 3815 litterae
695 3762 723 3835 p
768 3749 807 3815 et
844 3764 869 3841 q
918 3740 1084 3818 infinitos
1133 3744 1287 3821 valeres
1304 3742 1496 3843 recipere
1537 3753 1721 3843 possunt,
1766 3756 1857 3809 ante

264 3870 393 3945 omnia
434 3866 495 3943 hic
531 3864 732 3942 observari
766 3864 977 3965 0077777717,
1006 3881 1159 3982 omnes
1168 3848 1245 3984 Iros
1275 3871 1574 3950 innumerabiles
1609 3890 1722 3948 casus
1755 3885 1858 3940 scm-

260 4022 333 4103 per
365 3998 416 4072 ad
448 4016 647 4073 numerum
679 3992 828 4075 finitum
856 3996 1045 4119 revocari
1062 3984 1198 4114 posse.
1264 3979 1520 4137 Quantumris
1576 3999 1678 4076 enim
1726 3987 1857 4092 magni

259 4125 408 4203 numeri
463 4149 536 4227 pro
595 4122 752 4203 litteris
782 4148 810 4226 p
857 4147 898 4204 et
946 4153 972 4230 q
1033 4127 1305 4231 accipiantur,
1353 4120 1442 4208 ens
1464 4139 1576 4208 casus
1617 4143 1771 4222 semper
1806 4117 1854 4191 ad

266 4255 360 4331 alios
403 4254 591 4332 reducere
632 4252 742 4349 licet,
790 4255 829 4329 in
871 4256 1006 4355 quibus
1047 4258 1195 4336 numeri
1231 4284 1259 4359 p
1291 4270 1332 4335 et
1366 4282 1397 4358 q
1433 4258 1644 4355 quantitate
1678 4276 1706 4326 n
1739 4243 1854 4322 futuri

263 4381 339 4460 sint
387 4380 582 4459 dimInuti
636 4381 722 4459 Hoc
776 4381 890 4483 igitur
935 4385 1053 4464 modo
1103 4410 1237 4464 omnes
1289 4384 1501 4486 hujusmodi
1543 4405 1655 4460 casus
1697 4379 1853 4488 tandem

264 4537 311 4586 eo
356 4509 477 4610 redigi
518 4523 720 4609 poterunt,
769 4523 810 4587 ut
852 4489 966 4589 ambo
1016 4513 1164 4591 numeri
1202 4539 1229 4613 p
1263 4528 1302 4590 ct
1335 4538 1359 4613 q
1402 4511 1499 4588 infra
1535 4522 1791 4610 exponentem
1826 4524 1854 4572 n

260 4640 544 4742 ‹leprimantur3
594 4636 694 4714 unde
735 4631 808 4739 pro
850 4641 1018 4738 quolibet
1058 4665 1217 4721 numero
1251 4666 1292 4718 n-
1322 4663 1402 4719 eos‘
1435 4652 1580 4717 tantum
1614 4659 1727 4717 casus
1761 4649 1852 4710 con·
