4230 5670
265 470 353 540 254
813 457 1235 578 SUPPLEMENTUM
1300 467 1364 544 Ill.

263 702 378 788 atque
413 684 501 761 hine
534 684 648 758 valor
680 670 877 781 integralis
912 681 982 757 sub
1019 679 1139 783 signo
1175 690 1203 778 (
1250 684 1441 761 indicatae
1475 686 1663 763 formulae
1698 691 1771 765 erit

337 858 590 952 (Ξῖ-ἐπα
586 834 1232 977 l(·i·)(i)÷('5)(2·÷1)⁰²
1251 847 1389 967 ÷(
1365 837 1627 983 'lidii->a
1599 825 1855 950 asti-01⁰]

264 1030 362 1103 quae
396 1002 593 1099 expressio
639 999 847 1077 manifesto
876 1000 1043 1099 semper
1073 1002 1332 1117 abrumpitur,
1373 1005 1523 1103 quoties
1551 1026 1595 1078 nt
1632 1012 1691 1076 est
1723 1021 1859 1073 nume·

209 1226 215 1236 .
263 1178 328 1230 rus
363 1153 512 1252 integer
545 1147 746 1250 positivus.
811 1144 1051 1224 Hieuutem
1082 1150 1301 1229 meminisse
1325 1166 1513 1254 oportet,
1561 1149 1659 1254 signi
1693 1138 1859 1244 ambigui

266 1324 315 1404 ζ
347 1299 520 1401 superius
554 1299 678 1372 locum
711 1297 855 1372 habere
874 1264 1043 1398 -quando
1077 1301 1093 1371 ἰ
1124 1283 1243 1377 luerit
1269 1326 1449 1379 numerus
1478 1268 1744 1403 par,inferius
1766 1315 1858 1367 vero

252 1453 297 1531 si
329 1453 467 1552 impar.
564 1444 567 1449 ’

483 1717 486 1724 ,
624 1606 1125 1728 Demonstrationis
1151 1649 1270 1762 pars
1330 1627 1433 1722 tert
1433 1615 1495 1723 ia.

478 1786 509 1896 ξ.
551 1796 702 1867 103.-
735 1790 836 1867 Ista
834 1792 995 1907 formu³
1041 1794 1176 1893 quam
1204 1819 1279 1897 pro
1312 1799 1466 1874 valore
1499 1788 1684 1892 integrali
1728 1792 1756 1881 (
1798 1784 1859 1864 hic

269 1962 397 2017 sumus
432 1938 562 2040 adepti
594 1938 721 2018 multo
749 1940 846 2017 adeo
884 1955 943 2018 est
974 1942 1194 2044 simplicior
1217 1969 1284 2039 ea,
1319 1969 1433 2044 quarn
1462 1944 1662 2018 theorema
1685 1957 1874 2011 nostrum.

269 2064 382 2166 nobis
416 2088 743 2217 suppeditaverat,
775 2091 944 2210 quippe
953 2114 1064 2191 quac,
1095 2093 1131 2172 si
1163 2094 1249 2176 loco
1283 2103 1313 2187 <a
1342 2090 1488 2189 seriem
1528 2108 1645 2188 quam
1682 2082 1861 2185 designat

266 2246 503 2341 scribamus,
536 2245 609 2322 erit

269 2733 451 2833 Superest
484 2728 613 2831 igitur,
648 2726 690 2808 ut'
720 2715 935 2863 perfeetum
969 2756 1200 2812 eonsensum
1168 2682 1334 2812 inter
1367 2737 1435 2813 has
1467 2665 1566 2816 duas
1596 2732 1862 2863 expressiones

269 2881 399 2984 speeie
433 2878 589 2957 multum
620 2903 644 2954 a
685 2902 727 2956 se
760 2877 925 2956 invicem
959 2879 1228 2982 discrepantes
1269 2855 1545 2964 osteudamus.
1615 2883 1693 2961 Hic
1734 2893 1861 2957 autem
1959 2880 1965 2891 ’

270 3030 473 3129 plurimum
507 3014 679 3105 notasse
690 3027 855 3135 juvabit,
887 3051 973 3106 esse
1003 2997 1296 3154 (Ἐξ-ΤΕ)...
1236 3055 1294 3082 -ι
1317 3015 1493 3143 -ι-(--
1406 3001 1568 3148 ζ’),
1626 3043 1862 3159 propterea
1952 3055 1955 3058 ¹

267 3196 370 3296 quod
402 3220 522 3297 supra
557 3193 587 3304 ξ.
634 3210 714 3277 88
734 3200 836 3301 jam
847 3196 1162 3292 observavimus,
1197 3220 1292 3273 esse
1324 3195 1363 3272 in
1404 3221 1547 3298 genere
1594 3173 1791 3333 (ῗγ-
1812 3218 1862 3271 -t-

456 3342 516 3471 ¹,)
565 3365 629 3443 ubi
671 3365 820 3468 signum
854 3366 1028 3467 superius
1062 3366 1167 3441 valet
1198 3362 1231 3441 si
1265 3358 1395 3440 luerit
1413 3389 1439 3467 q
1471 3389 1652 3446 numerus
1686 3394 1772 3470 par,
1803 3369 1864 3445 in·

245 3516 389 3607 ,serius
421 3540 518 3592 vero
552 3514 591 3592 si
617 3513 764 3614 impar;
805 3534 882 3609 quo
913 3521 1048 3588 notato
1082 3508 1275 3612 posterior
1313 3511 1444 3590 formu
1480 3536 1559 3612 pro
1619 3523 1647 3612 (
1703 3519 1862 3597 inventa

795 3874 1215 4028 ’”“’(”“1”
1219 3892 1292 3933 ''¹''
1218 3893 1316 3967 -—-¹
1245 3822 1763 4039 )-“1“1-’-11)α”..-ι-ιιο]

481 4191 512 4294 t.
554 4187 657 4265 rol.
725 4187 917 4285 Quoniam
946 4210 1048 4287 nunc
1082 4188 1220 4264 ambae
1254 4187 1418 4263 formae
1427 4187 1604 4301 affectae
1637 4201 1724 4265 sunt
1753 4188 1862 4291 signo

271 4341 530 4443 ambiguo
481 4357 551 4434 4,
589 4329 956 4443 demonstrandum
969 4334 1081 4414 nobis
1106 4334 1317 4459 incumbit,
1331 4336 1382 4415 si
1414 4346 1616 4454 utramque
1649 4336 1865 4438 expressio·

271 4530 359 4581 nem
378 4533 449 4608 per
509 4473 627 4624 ss)
662 4508 969 4611 multiplicemus,
1002 4510 1097 4590 duas
1137 4482 1342 4609 sequentes
1376 4509 1526 4590 series
1516 4507 1629 4586 inter
1668 4529 1711 4584 se
1752 4528 1863 4605 pror·
