4230 5670
267 464 353 542 430
796 466 1218 548 SUPPLEMENTUM
1251 468 1318 549 vl.

188 627 193 632 ⁸
267 677 389 760 tatur,
438 685 594 762 semper
624 658 664 737 in
694 659 882 739 maximos
920 685 1078 740 errores
1112 660 1279 740 inducet.
1345 663 1471 741 Multo
1497 663 1620 742 minus
1644 689 1739 769 ergo
1765 665 1853 743 hinc

262 795 446 896 colligere
479 790 587 881 licet,
625 787 659 865 si
698 787 785 865 loeo
817 814 851 865 ac
873 799 913 867 et
944 813 974 889 y
1007 791 1104 867 aliae
1138 790 1353 869 functiones
1386 792 1555 893 ipsarum
1580 802 1693 872 teto
1716 795 1854 873 substi-

266 935 438 1014 tuantur,
474 915 687 1020 cujusmodi
720 917 917 1018 expressio
951 918 1036 997 loco
1071 911 1147 1004 dx
1163 913 1236 1018 dy
1269 920 1440 999 adhiberi
1473 923 1636 1000 debeat:

461 1238 489 1346 l.
536 1238 607 1315 2l.
678 1241 732 1313 Ac
778 1240 903 1340 primo
952 1241 1104 1340 quidem
1158 1245 1324 1320 observo
1374 1242 1516 1318 nullam
1562 1242 1623 1316 hic
1662 1267 1749 1319 esse
1789 1269 1850 1318 ra·

265 1374 427 1459 tionem,
487 1390 555 1442 eur
604 1367 801 1465 expressio
849 1370 934 1445 loco
980 1363 1072 1451 dx
1106 1364 1131 1452 d
1165 1394 1209 1469 y
1247 1371 1285 1446 in
1332 1371 1522 1446 calculum
1572 1370 1851 1449 introducenda

268 1501 303 1578 ei
352 1493 523 1594 aequalis
566 1517 650 1571 esse
694 1495 853 1588 debeat;
919 1501 1020 1596 quod
1065 1512 1142 1603 turn
1177 1501 1329 1592 demum
1365 1519 1525 1575 necesse
1558 1512 1681 1589 esset,
1731 1499 1761 1574 si
1788 1500 1851 1574 bi·

266 1653 341 1705 nae
392 1621 666 1723 integrationes
719 1624 857 1698 eodem
909 1625 1022 1700 modo
1075 1639 1117 1702 ut
1168 1639 1256 1703 ante
1305 1626 1531 1703 secundum·
1568 1625 1676 1709 binas
1727 1628 1852 1703 varia·

266 1756 361 1833 biles
410 1750 710 1826 instituerentur.
797 1751 901 1828 Cum·
948 1769 1073 1831 autem
1125 1778 1226 1832 nunc
1280 1753 1376 1830 aliae
1427 1752 1629 1829 variabiles
1683 1760 1700 1826 t
1746 1768 1785 1828 et
1808 1774 1852 1828 ὐ

269 1883 411 1972 adsint,
463 1891 578 1975 atque
605 1879 751 1971 altera
784 1878 988 1982 integratio
1032 1906 1103 1982 per
1144 1881 1435 1959 variabilitatem
1476 1878 1594 1981 ipsius
1642 1889 1678 1986 tn,
1730 1884 1852 1958 altera

268 2011 386 2112 ipsius
437 2031 481 2096 v,
535 2003 583 2080 sit
634 2004 958 2100 administranda,
1011 2034 1109 2108 quae
1161 2009 1408 2112 operationes
1440 2030 1482 2115 *a
1531 2008 1849 2106 praecedentibus

266 2136 470 2241 plurimum
521 2131 722 2226 differunt3
757 2151 760 2154 ’
796 2132 958 2211 formula
995 2137 1077 2238 jam
1127 2136 1212 2215 loco
1252 2130 1329 2221 dcc
1347 2127 1419 2235 dy
1456 2133 1752 2222 introducenda·
1772 2161 1850 2212 non

268 2293 317 2343 ex
358 2261 585 2361 aequalitate
629 2260 844 2354 aestimari,
894 2264 963 2341 sed
1003 2263 1130 2365 potius
1174 2265 1223 2341 ad
1261 2249 1441 2366 scopum,
1493 2263 1567 2380 qui·
1605 2276 1664 2341 est
1709 2277 1851 2363 propo-

269 2397 390 2481 situs,
445 2390 732 2466 accommodari
785 2391 912 2467 debet.
1006 2392 1057 2469 Et
1107 2393 1288 2492 quoniam
1332 2393 1415 2494 jarn
1468 2389 1579 2466 binas
1630 2390 1852 2492 integratio·
1987 2404 1992 2410 ’

267 2547 355 2598 ιιεεγ
387 2518 594 2594 secundum
646 2516 755 2595 binas
801 2502 1013 2598 ‘variabiles
1064 2527 1080 2592 t
1123 2533 1162 2598 et
1202 2546 1227 2597 o
1275 2518 1453 2620 distingui
1503 2531 1679 2621 oportet,
1729 2518 1852 2594 mani·
1963 2531 1968 2626 J

267 2652 405 2727 festum
457 2660 516 2723 est
566 2644 772 2722 formulam
824 2646 910 2724 loco
961 2640 1135 2747 derby
1185 2647 1440 2726 adhibendam
1489 2645 1710 2723 necessario
1761 2670 1851 2746 pro·

268 2780 383 2853 ducto
432 2767 577 2857 dt'dn
627 2775 808 2853 affectam
857 2796 965 2868 esse,
1015 2795 1055 2852 et
1106 2776 1321 2878 hujusmodi
1355 2773 1520 2852 sormam
1554 2765 1751 2856 Zdtdu
1785 2776 1851 2848 ha·

267 2909 360 2981 bere
396 2905 549 2980 debere.

464 3221 492 3328 ξ.
531 3229 603 3302 25.
671 3224 759 3318 Quo
801 3196 904 3304 haec
945 3227 1085 3306 certius
1126 3225 1398 3329 expediantur,
1450 3235 1604 3298 maneat
1640 3224 1765 3323 primo
1807 3250 1851 3311 x,

268 3368 306 3433 ct
353 3356 438 3428 loco
492 3375 521 3449 p
573 3351 837 3430 introducatur
892 3355 966 3434 alia
1015 3354 1210 3433 variabilis
1264 3380 1307 3448 u,
1359 3353 1412 3426 ita
1462 3368 1504 3426 ut
1544 3351 1592 3427 sit
1639 3375 1667 3447 p
1707 3349 1851 3424 functio

271 3505 520 3586 quaecunque
563 3480 733 3579 ipsarum
766 3507 798 3556 x
833 3504 872 3559 et
907 3508 950 3579 u,
993 3500 1031 3562 et
1075 3476 1102 3566 ὂ
1118 3509 1147 3582 y
1166 3488 1276 3561 :P
1303 3475 1328 3563 d
1354 3477 1521 3575 x-lQ
1547 3472 1573 3560 ὂ
1598 3503 1636 3550 ιι.
1706 3479 1740 3552 si
1769 3480 1852 3579 jum
1991 3573 1997 3582 ,

267 3613 304 3687 in
339 3610 457 3709 priori
493 3608 746 3708 integratione
781 3639 812 3686 or
847 3625 1029 3696 constans
1064 3615 1259 3720 sumatur,
1295 3608 1367 3687 erit
1397 3605 1526 3704 utique
1560 3598 1851 3703 dyszu,

267 3740 353 3812 binc
389 3733 1061 3839 ssbxbyzsdxsQdu,
1100 3742 1150 3816 ita
1184 3750 1226 3813 ut
1258 3762 1359 3813 nunc
1386 3737 1468 3839 loco
1494 3734 1680 3808 formulae
1715 3726 1855 3828 dxdy

268 3871 454 3941 habeatur
509 3856 657 3957 de
684 3858 709 3946 ὂ
736 3891 781 3960 u,
839 3869 946 3969 cujus
997 3869 1184 3970 integrale
1236 3865 1469 3964 duplicatum
1505 3861 1683 3958 proinde
1738 3860 1852 3935 etiarn

267 3986 364 4070 hoc¹
391 3991 506 4067 rnodo
557 3991 716 4092 exprimi
756 3968 898 4093 poterit
937 4001 978 4094 s
995 3990 1067 4078 ὸιι
1084 4000 1125 4095 s
1144 3986 1295 4092 de,
1345 3991 1408 4067 ubi
1448 3989 1484 4065 in
1526 3988 1643 4089 priori
1683 3991 1853 4088 integra·

270 4125 372 4197 tione
419 4125 458 4216 s
478 4111 609 4212 de
661 4122 852 4216 quantitas
895 4125 1112 4200 resumitur
1145 4147 1219 4223 pro
1255 4132 1468 4224 constante.
1539 4115 1699 4210 Quodsi
1752 4140 1853 4191 nunc

268 4249 375 4342 simili
428 4249 543 4322 modo
599 4270 624 4320 ιι
676 4249 884 4355 retineatur
933 4262 973 4325 et
1020 4253 1107 4327 loco
1156 4277 1188 4325 x
1236 4248 1499 4323 introducatur
1546 4244 1690 4319 functio
1737 4269 1853 4341 quae·

270 4401 416 4473 cunque
467 4376 636 4474 ipsarum
679 4383 767 4453 tet
800 4403 847 4470 u,
895 4390 937 4453 ut
970 4377 1018 4453 sit
1052 4366 1572 4484 bszdt÷Sdu,
1625 4372 1662 4446 in
1709 4386 1853 4446 tracta·

266 4500 366 4576 tione
407 4507 593 4578 formulae
627 4508 667 4602 s
685 4486 755 4583 du
772 4510 813 4605 s
835 4497 963 4600 Qdur
997 4506 1104 4607 prior
1142 4498 1345 4605 integratio
1388 4507 1428 4601 s
1447 4493 1597 4598 err,
1647 4500 1685 4573 in
1720 4525 1793 4594 qua
1829 4522 1854 4569 ιι

269 4642 450 4702 constans
503 4631 698 4720 statuitur,
750 4633 869 4710 abibit
909 4633 948 4710 iu
987 4639 1086 4711 hanc
1120 4636 1161 4732 s
1180 4631 1371 4727 QRnn
1406 4631 1457 4706 ita
1490 4644 1532 4705 ut
1566 4628 1752 4728 integrale
1786 4627 1853 4729 du·
