4230 5670
730 490 786 568 ru
821 488 943 568 rtur
978 430 1114 568 sacr}
1151 490 1182 566 1.
1216 485 1343 566 ιοιι.
1379 487 1411 565 ι.
1622 471 1624 473 ’
1776 493 1865 568 ιιι

466 678 496 789 ξ.
544 691 582 758 2.
658 681 824 760 Primum
868 681 981 784 igitur
1023 707 1107 759 curn
1147 706 1180 755 ω
1221 705 1261 758 et
1299 698 1328 778 y
1366 679 1443 756 sint
1481 682 1582 755 duae
1633 677 1865 777 quantitates

278 804 482 885 variabiles
534 833 557 885 a
605 835 646 889 se
698 809 860 887 invicem
890 816 986 884 ‘non
1035 811 1270 910 pendentes,
1320 810 1350 883 Z
1396 832 1490 885 vero
1533 808 1690 884 denotet
1731 827 1864 882 earum

277 933 521 1013 functionem*
545 960 834 1036 quamcunque,
879 937 1064 1028 formulae
1106 934 1304 1037 integralis
1346 934 1565 1034 duplicatae
1598 919 1865 1032 ss'dedt

275 1060 333 1137 vis
373 1060 425 1137 ita
466 1065 606 1165 exponi
649 1077 799 1168 potest,
847 1077 889 1141 ut
929 1063 1151 1163 quaerenda
1191 1062 1241 1140 sit
1282 1061 1427 1140 functio
1461 1060 1568 1137 finita
1599 1060 1777 1138 binarum
1812 1057 1865 1135 is·

180 1202 181 1205 ’
278 1207 401 1262 tarum
434 1190 678 1270 variabiliutn
710 1214 742 1264 :r
776 1203 815 1267 et
845 1216 893 1292 y,
938 1176 1131 1288 quae'ita
1172 1188 1230 1268 bis
1264 1173 1539 1283 differentiata,
1578 1200 1621 1264 ut
1660 1186 1699 1264 in
1742 1185 1866 1261 altera

279 1309 598 1401 dillcrc'ntiatione
631 1319 715 1394 sola
740 1344 788 1391 far
828 1322 865 1394 in
902 1300 1022 1394 altera
1057 1319 1141 1396 sola
1174 1344 1203 1417 y
1246 1325 1318 1415 pro
1354 1316 1525 1392 variabili
1567 1317 1771 1406 habeatur,
1814 1313 1863 1386 ad

279 1440 480 1517 formulam
524 1437 729 1544 Zdu‘cdy
768 1447 947 1522 deducat.
1033 1445 1091 1519 Ita
1133 1445 1164 1521 si
1206 1445 1320 1520 suerit
1353 1447 1528 1537 Zza,
1579 1442 1736 1518 evidens
1779 1441 1862 1514 fore

275 1549 726 1669 ssadaedyzaoey3
761 1573 977 1673 generalius
1000 1595 1095 1647 vero
1119 1571 1190 1667 erit
1215 1565 1860 1669 ssadxdyzaxy-l-X-l-Y,

277 1695 485 1780 denotante
520 1698 558 1770 X
594 1699 826 1775 functionem
860 1700 1125 1798 quamcunque
1160 1696 1277 1796 ipsius
1310 1723 1343 1772 x
1376 1711 1416 1772 et
1447 1696 1522 1770 Y
1514 1697 1631 1794 ipsius
1657 1721 1709 1793 y,
1740 1718 1860 1792 quan-

143 1894 148 1901 .
276 1823 482 1919 doquidem
524 1826 595 1901 lrae
636 1825 758 1903 duae
769 1828 1000 1924 quantitates
1036 1847 1106 1922 per
1139 1822 1347 1961 geminam
1363 1822 1466 1898 illam
1499 1821 1861 1950 diberentiationem

275 1973 321 2022 en
357 1949 505 2027 calculo
539 1951 734 2031 tolluntur.

466 2202 494 2310 ι.
534 2218 573 2283 3.
639 2207 684 2283 In
720 2233 862 2310 genere
904 2220 1029 2285 autern
1069 2206 1099 2286 si
1135 2207 1167 2282 ll
1201 2207 1314 2284 suerit
1347 2204 1532 2311 ejusmodi
1572 2204 1715 2281 sanctio
1757 2204 1858 2303 ipsa·

278 2356 361 2406 rum
401 2357 434 2406 ω
476 2346 515 2407 et
554 2359 600 2433 y,
645 2359 744 2435 quae
785 2336 844 2413 bis
888 2335 1145 2412 differentiata
1186 2335 1240 2410 ita
1278 2350 1319 2411 ut
1350 2335 1467 2410 modo
1502 2345 1559 2411 est
1594 2346 1857 2431 praeceptum,

275 2458 461 2557 praebeat
481 2453 724 2558 dedy3
774 2461 847 2537 erit
884 2462 1037 2561 quidem
1080 2460 1205 2560 utique
1232 2452 1675 2560 Yzssdedy3
1724 2482 1857 2534 verum

265 2574 414 2682 'duplex
443 2585 645 2731 integratio
670 2587 851 2688 insuper
849 2586 1062 2666 functiones
1090 2586 1313 2665 arbitrariae
1337 2588 1376 2663 X
1402 2601 1441 2664 et
1465 2588 1518 2679 Y
1544 2585 1677 2661 illam
1671 2583 1857 2685 ipsiusne,

276 2712 418 2786 hane
408 2711 526 2813 ipsius
558 2738 587 2812 y
625 2700 788 2809 inducit,
820 2728 868 2792 ut
895 2716 944 2795 sit
976 2713 1263 2815 generalissime
1405 2756 1410 2760 ·

467 2832 1170 2941 sszdady:l†X-r-Y

276 2966 333 3041 Ex
367 2991 442 3065 quo
477 2959 604 3074 statiua
638 2966 900 3069 perspicitur,
930 2966 1145 3071 hujusmodi
1185 2968 1371 3046 formulas
1410 2967 1682 3047 differentiales
1721 2990 1856 3042 neces·

276 3093 377 3197 sario
421 3082 582 3174 affectas
623 3120 709 3174 ease
758 3095 953 3198 producto
994 3082 1181 3192 dxdy,
1218 3120 1343 3194 neque
1385 3075 1599 3196 propterea
1644 3096 1853 3172 secundum

276 3220 376 3320 banc
414 3219 727 3320 significationem
768 3203 865 3301 tales
906 3223 1091 3325 tonnulae
1122 3211 1354 3322 sdeae²
1385 3224 1448 3298 vel
1480 3211 1707 3323 ΗΖΝ
1747 3221 1854 3318 quic·
1968 3257 1974 3267 ·

274 3369 388 3443 quam
436 3345 673 3445 significare3
738 3347 923 3446 siquidem
969 3372 1042 3449 pet·
1087 3347 1211 3447 ipsam
1259 3346 1316 3423 rei
1364 3361 1543 3424 naturam
1592 3347 1854 3440 excluduntur,

174 3503 178 3514 ·
274 3470 412 3546 dum
403 3495 440 3546 ιιι
482 3473 601 3548 altera
642 3473 895 3575 integratione
936 3476 1018 3553 sola
1059 3498 1112 3568 ιι,
1154 3473 1191 3561 in
1232 3475 1353 3550 altera
1391 3498 1486 3551 vero
1529 3473 1612 3553 sola
1650 3497 1680 3571 y
1712 3491 1752 3547 ut
1784 3495 1854 3546 va·

275 3596 418 3678 tiabilis
453 3576 709 3737 tractatur

349 3864 350 3867 ‘
467 3850 497 3960 ι.
537 3862 575 3930 t.
642 3851 857 3932 Constituta
898 3855 953 3933 sic
987 3857 1108 3934 sonna
1149 3855 1367 3962 hujusmodi
1399 3852 1648 3935 formularum
1681 3852 1850 3956 integra·

276 3978 362 4055 lium
402 3980 684 4082 duplicaturum
723 3976 1048 4083 ssZdardy,
1089 3984 1142 4061 ita
1182 4001 1225 4062 ut
1261 4010 1294 4061 a
1334 3999 1373 4064 et
1412 4006 1441 4084 y
1473 3984 1549 4062 sint
1589 3984 1688 4059 duae
1729 4005 1849 4079 quan·

275 4107 401 4185 titatea
442 4108 646 4188 variabiles
688 4133 726 4186 a
752 4134 794 4187 se
838 4109 1000 4219 inuicem
1037 4137 1114 4189 non
1157 4114 1387 4208 pendentes,
1429 4124 1468 4188 et
1499 4112 1530 4186 Z
1564 4109 1704 4186 functio
1744 4107 1848 4184 finita
1958 4167 1959 4171 ι

275 4258 322 4310 ex
362 4235 407 4312 iis
448 4249 640 4336 utcunque
682 4218 918 4336 cornp'osita,
967 4240 1067 4316 haud
1109 4224 1255 4317 difficile
1293 4254 1353 4319 est
1392 4237 1583 4340 duplicent
1624 4234 1848 4335 integratio·

272 4384 382 4470 nem,
434 4387 572 4459 quam·
594 4363 810 4459 involvunt,
856 4365 1073 4459 instituere,
1123 4368 1226 4466 quod
1269 4366 1420 4468 quidem
1467 4377 1583 4467 prout
1622 4362 1747 4464 primo
1786 4360 1847 4437 vel

130 4484 132 4487 ’
274 4511 307 4562 x
352 4487 411 4564 vel
460 4513 489 4587 y
537 4491 616 4567 sola
665 4492 858 4571 variabilis
909 4495 1194 4585 consideratur,
1242 4493 1383 4595 duplici
1423 4493 1539 4570 modo
1578 4490 1845 4592 liert-potest.

275 4613 405 4692 Surnta
446 4615 591 4696 scilicet
625 4617 751 4718 primo
794 4643 823 4718 y
855 4645 928 4720 pro
967 4620 1159 4732 variabili,
1210 4623 1331 4699 altera
1366 4641 1400 4698 a
1439 4631 1480 4699 ut
1518 4630 1703 4698 constans
1743 4630 1846 4694 trac·

272 4763 356 4842 vol.
391 4763 455 4844 IY.
798 4832 803 4837 .
1115 4778 1116 4781 ’
1217 4818 1224 4828 ·
1576 4774 1632 4849 5³
