4230 5670
649 490 722 566 aa
753 439 881 570 rou.
914 419 948 575 1]
982 488 1119 569 sacr.
1150 491 1207 570 n.
1242 493 1352 572 car.
1385 495 1430 571 v.
1749 500 1831 575 tm

252 682 369 780 Quod
412 679 445 761 ai
478 703 575 786 ergo
607 680 693 760 loeo
727 694 846 766 11:ae
878 682 918 763 et
948 691 990 766 Π
1008 704 1063 783 ry
1096 684 1247 773 ratores
1280 685 1395 762 modo
1428 681 1572 766 inretiti
1604 683 1837 766 substituan-

248 824 331 907 tur,
364 815 430 891 fiet

345 963 1837 1070 11:2:112p-t-th-t·11:r÷H:s-d):pq-sp:rs-sp:xy,

762 1221 1211 1365 ‘corollarium
1258 1283 1310 1362 1.'

326 1563 333 1585 ²
441 1532 472 1644 5.
510 1518 606 1617 26.”
648 1535 753 1615 Hine
779 1538 864 1642 jam
897 1539 1048 1618 abunde
1080 1538 1322 1642 intelligitur,
1362 1538 1394 1621 si
1426 1554 1696 1642 proponantur
1729 1552 1839 1641 quot.

248 1686 399 1763 cunque
441 1653 658 1767 hujusmodi
699 1665 907 1765 formulae,
948 1667 1273 1769 quemadmodum
1306 1692 1450 1752 noram
1483 1669 1653 1770 ejusdem
1687 1668 1840 1770 generis
1961 1733 1963 1735 .

247 1806 317 1877 11:
343 1815 370 1869 z
410 1790 633 1894 investigari
675 1804 878 1895 oporteat,
924 1819 1026 1898 quae
1063 1796 1114 1873 ab
1158 1793 1231 1872 tttts
1263 1795 1429 1899 junctim
1469 1795 1604 1875 sumtis
1645 1795 1840 1896 discrepet

247 1919 460 2020 quantitate
500 1920 743 2027 algebraica,
792 1923 856 2005 rei
899 1949 974 2030 par
1020 1922 1277 2028 iugarithmoa
1318 1945 1484 2003 mouere
1526 1923 1735 2004 circulares
1778 1945 1840 2001 aa·

247 2046 435 2153 signabili.

800 2234 1216 2371 Corellarium
1251 2252 1293 2324 2.

454 2493 485 2605 5.
522 2503 597 2583 27.
665 2496 780 2596 Quod
825 2498 859 2580 ai
908 2523 1043 2580 omnen
1092 2501 1178 2579 illae
1224 2498 1414 2579 formulae
1462 2497 1605 2578 tuerint
1654 2497 1755 2576 inter
1797 2520 1841 2577 ae

246 2624 430 2727 aequales
478 2649 691 2727 earumque
731 2652 917 2708 numerus
951 2627 1015 2708 z:
1046 2630 1097 2726 λ,
1145 2653 1301 2730 semper
1340 2618 1446 2706 'nora
1487 2625 1654 2705 formula
1694 2638 1738 2712 11
1771 2653 1781 2703 ε
1815 2652 1842 2704 z

245 2753 409 2833 inveniri
448 2752 614 2857 poterit,
653 2774 696 2834 ut
730 2754 784 2840 sit
818 2769 864 2853 Π
884 2780 899 2847 ‚t
923 2758 1075 2851 πελ
1095 2769 1139 2857 11
1159 2782 1169 2833 τ
1187 2757 1380 2864 p-i-W,
1414 2756 1600 2863 existente
1633 2754 1687 2829 W
1719 2778 1839 2857 quan·

246 2882 355 2962 ritate
396 2882 458 2959 rei
490 2881 732 2983 algebraica,
771 2882 835 2960 vel
877 2908 950 2984 per
990 2884 1241 2989 logarithmoa
1275 2908 1441 2964 arcuere
1475 2881 1684 2962 circulares
1718 2881 1840 2984 assig-

246 3008 376 3089 nabili.
442 3008 545 3105 Quin
578 3009 714 3103 etiam,
751 3009 902 3089 duabus
934 3012 1149 3115 hujusmodi
1187 3010 1359 3093 formulis
1390 3025 1432 3101 Π
1450 3035 1502 3111 :p
1536 3021 1576 3090 et
1606 3020 1716 3111 Iltq
1748 3034 1840 3112 pro·

247 3135 401 3239 potitis,
434 3135 597 3215 inveniri
628 3136 771 3240 poterit
802 3149 870 3221 11:
890 3165 917 3216 z
947 3152 990 3216 ut
1020 3140 1071 3219 sit

334 3333 337 3340 =
440 3287 1236 3402 nrzzitzsstp-t-ullzq-t-W.

888 3606 1196 3689 Scholion.

442 3863 473 3973 5.
518 3856 591 3942 28.
660 3829 748 3943 Hoe
796 3866 912 3970 igitur
958 3867 1082 3955 modo·
1123 3889 1202 3942 non
1251 3863 1374 3942 solum
1424 3864 1617 3966 principia
1664 3876 1703 3939 et
1753 3863 1838 3937 sun·

246 3995 449 4088 (tamenta,
499 3992 632 4093 quibua
682 3995 758 4072 hoe
804 4007 1071 4096 argumentum
1119 3992 1307 4084 innititur,
1353 3994 1548 4088 succincte
1590 4018 1637 4069 ae
1674 3990 1838 4066 dilucide

73 4139 79 4148 ·
244 4122 335 4207 mihi
374 4121 528 4222 quidem
567 4122 789 4227 exposuisse
830 4123 983 4200 videor:
1029 4120 1098 4199 eed
1140 4101 1213 4197 hnc
1252 4135 1523 4222 argumentum
1564 4120 1679 4197 etiam
1717 4116 1838 4192 multo

246 4249 359 4326 latius
399 4250 630 4348 amplificari
663 4274 790 4349 *quam
835 4251 960 4340 adhuc
980 4261 1055 4327 ‘est
1089 4248 1247 4327 sactum.
1316 4246 1476 4351 Semper
1509 4261 1637 4324 autem
1669 4244 1835 4321 maxime

244 4364 305 4453 est
346 4377 580 4476 optandum,
626 4392 669 4456 ut
708 4378 771 4454 via
811 4378 936 4482 magia
976 4378 1137 4488 directa·
1170 4377 1394 4478 detegatur,
1442 4384 1542 4475 quae
1585 4373 1636 4449 ad
1678 4372 1837 4449 easdem

243 4501 560 4606 investigationes
580 4481 809 4605 -perduea'u
891 4507 1017 4585 Nemo
1065 4502 1167 4584 enim
1208 4515 1317 4587 certe
1356 4501 1564 4593 dubitabit4
1613 4499 1705 4600 quin
1745 4497 1836 4576 hine

243 4629 412 4709 maxima
442 4627 482 4707 in
517 4629 737 4711 universam
768 4633 953 4735 Anaiyain
984 4631 1224 4709 incrementa
1255 4641 1385 4708 essent
1415 4629 1690 4708 redundatura.
