4230 5670
793 454 858 526 no
888 448 1012 527 sucu.
1043 456 1085 526 11.
1141 455 1251 546 ron.
1281 458 1325 530 11.
1593 428 1597 435 ’
1769 465 1843 532 577

267 669 514 759 exprimantur.
596 666 715 739 Facile
770 671 883 738 autern
945 672 1043 760 patet
1096 650 1168 740 'hoc
1231 670 1329 741 modo
1392 671 1434 741 ad
1497 672 1718 762 aequationes
1758 672 1845 757 dil·

267 795 464 868 ferentiales
516 794 628 866 adhuc
681 791 842 864 altiorum
895 792 1063 882 graduum
1116 794 1280 884 progredi
1325 794 1441 866 licere.
1515 796 1596 869 Hac
1633 797 1743 887 igitur
1788 817 1842 868 ra-

265 920 358 992 tione
411 919 545 991 calculo
599 917 762 1007 integrali
816 916 909 988 haud
961 917 1242 988 contemnendum
1297 919 1541 992 incrementum
1595 921 1737 993 allatum
1791 928 1845 994 est

266 1043 482 1116 censendum.
549 1042 636 1116 (lum
681 1041 790 1132 igitur
843 1041 899 1113 hic
952 1042 1176 1132 praecipuum
1230 1045 1405 1134 negotium
1458 1051 1615 1118 versetur
1666 1045 1701 1118 in
1754 1048 1844 1118 inte·

265 1170 420 1260 gratisne
446 1166 616 1259 completa
642 1166 835 1259 hujusmodi
862 1165 1074 1257 aequationis

476 1354 1186 1500 y÷m÷m÷w÷m.=
1207 1408 1246 1481 a,

266 1613 324 1683 ubi
369 1634 389 1682 a
433 1618 487 1683 est
530 1609 637 1683 funct
612 1617 660 1683 tro
713 1630 936 1700 quaecunque
989 1607 1097 1698 ipsius
1140 1632 1183 1700 a,
1238 1610 1313 1701 ejus
1356 1612 1596 1686 resolutionem
1638 1613 1711 1705 jam
1764 1634 1842 1704 pss-

265 1737 329 1808 sim
382 1736 571 1808 exhibitam
633 1736 701 1807 huc
754 1733 1044 1807 accommodemus
1098 1740 1134 1804 et
1186 1735 1339 1806 breviter
1391 1737 1619 1810 ostendamus.
1702 1739 1841 1811 Forme-

265 1865 324 1932 tur
350 1860 436 1933 haec
464 1859 622 1950 aequatio

399 2160 401 2164 Α
479 2040 1350 2146 l÷fu÷gu²÷ltu⁸÷ia‘÷etc.=0,

265 2250 362 2341 cnjus
412 2248 546 2320 radices
588 2268 613 2318 o
657 2247 878 2337 designentur
922 2247 1049 2318 litteris
1093 2270 1138 2340 o,
1185 2243 1226 2342 β,
1271 2271 1314 2340 γ,
1361 2249 1401 2340 δ,
1447 2254 1513 2322 etc.
1558 2248 1681 2340 quibus
1724 2250 1840 2322 inven-

264 2375 309 2445 tis
336 2374 403 2445 erit
428 2373 480 2445 uti
503 2372 575 2463 jam
601 2372 683 2443 olim
710 2371 841 2442 ostendi

547 2558 604 2637 ew
620 2559 641 2666 J
658 2557 759 2637 0⁸⁸⁸
776 2558 842 2643 ada
1237 2544 1292 2636 ci*
1307 2559 1328 2666 J
1345 2543 1442 2636 [⁹⁵
1459 2559 1527 2642 adu

263 2657 353 2724 y:
379 2650 1751 2784 [4-29α-ι-31ια’-ι-4ία3ἰ-εῑο.’,Τ-ἱ2-9βΪῖδ-ἦξΫ--ιῙῙὸ-βΐ-ἷ-’ἶῖοἶψ
1772 2635 1838 2700 eoe'

263 2890 340 2961 Hae
407 2887 541 2960 scilicet
605 2885 772 2958 formulae
833 2906 876 2956 er
938 2885 1083 2974 singulis
1148 2882 1320 2956 radicibus
1386 2909 1432 2978 α,
1486 2885 1526 2976 β,
1582 2910 1634 2979 γ,·
1680 2884 1719 2976 δ,
1773 2876 1860 2957 etc'

264 3011 430 3085 formatae
482 3017 518 3083 et
567 3011 714 3102 junctim
777 3013 909 3081 sumtus
971 3007 1102 3080 dabunt
1162 3009 1313 3079 valorem
1370 3009 1477 3100 ipsius
1524 3031 1547 3098 g
1600 3015 1704 3099 atque
1755 3010 1841 3082 adeo

263 3137 433 3230 integrale
487 3137 715 3226 completum,
797 3134 877 3223 quia
930 3133 1087 3222 singulae
1148 3131 1318 3204 formulae
1378 3132 1565 3222 integrales
1626 3137 1839 3204 constantem

263 3261 484 3334 arbitrariam
511 3259 699 3332 involvunt.

816 3478 1281 3514 -—--—·—-

263 3750 321 3889 2)
395 3747 653 3886 Specimeu
707 3745 1061 3883 aequationnm
1119 3743 1530 3856 didenentiinum
1591 3743 1839 3859 indefiniti

421 3923 611 4063 gradus
659 3956 929 4059 eorumque
973 3920 1341 4059 integrationis.
1449 3938 1516 4036 M.
1566 3936 1617 4037 d.
1663 3936 1839 4040 Acade

359 4217 371 4247 x
419 4121 541 4218 mooe
578 4115 732 4218 cohib.
769 4114 841 4217 die
875 4098 934 4213 13
973 4115 1257 4242 licentiatis,
1296 4096 1432 4214 1781.

448 4323 480 4417 ἓ.
538 4327 597 4396 19.
684 4321 827 4412 Quando
897 4323 1117 4414 aequationes
1186 4320 1429 4396 differentiales
1498 4321 1685 4395 secundnm
1755 4344 1836 4414 grs-

262 4451 326 4522 dns
379 4447 655 4520 differentialium
709 4446 988 4537 distinguuntur,
1042 4447 1117 4538 ipsa
1161 4447 1213 4518 rei
1266 4450 1390 4518 natura
1442 4444 1569 4539 gradm
1620 4447 1837 4520 intermedius
1980 4530 1984 4545 ‚

263 4572 446 4645 excludere
489 4569 645 4644 ridetur:
709 4591 786 4643 eum
831 4571 921 4643 enim
974 4561 1117 4643 totide'm
1172 4568 1459 4662 integrationibus
1512 4590 1598 4662 opus
1625 4552 1706 4664 sit,
1773 4571 1836 4643 ha-

261 4716 340 4767 rum
402 4715 565 4768 numerus
627 4699 721 4767 certe
783 4714 849 4767 non
912 4694 1046 4786 integer
1106 4714 1180 4768 esse
1232 4715 1300 4766 non
1352 4697 1478 4786 potest.
1560 4691 1668 4766 Incidi
1722 4698 1837 4768 tamen

314 4817 397 4892 Vol.
422 4816 486 4892 IV.
1470 4821 1493 4890 7
1498 4820 1519 4890 3
