4230 5670
242 466 328 535 432
431 574 436 587 ,
754 459 1174 540 SUPPLEMENTUM
1238 459 1305 536 vl.

237 654 429 731 inversam
479 654 501 729 S
535 654 645 727 T—
669 653 706 726 R
740 653 773 726 V
813 654 1114 755 complectatur:
1165 654 1266 754 qaod
1300 652 1454 732 dubium
1497 677 1544 730 eo
1591 654 1714 758 magis
1755 681 1824 733 au-

238 796 369 883 getur,
420 785 524 878 quod
565 782 594 856 si
645 781 818 879 superius
874 773 1113 858 ratiocinium
1154 795 1344 882 ¹respectu
1393 810 1425 857 x
1459 796 1558 879 cty
1606 785 1827 869 invertisse,-

237 933 321 986 mus
375 909 534 984 eaedem
582 908 866 1021 substitutiones
909 935 979 986 nos
1022 935 1160 985 revera
1204 910 1486 1001 ad't'ormulam
1534 910 1626 996 (ST
1648 955 1699 977 -ν
1722 912 1827 1002 RV)

236 1030 384 1119 dtdu
419 1035 698 1135 perduxissent.
776 1036 848 1110 Sed
890 1039 977 1135 quia
1020 1049 1140 1112 toturn
1177 1037 1391 1113 'discrimen
1436 1051 1582 1112 tantum
1632 1038 1668 1113 in
1717 1039 1826 1141 signo

238 1177 436 1258 versatur,
481 1165 676 1260 alteraque
710 1164 874 1238 formula
909 1164 1062 1241 alterius
1096 1179 1153 1241 est
1186 1166 1388 1267 negativa,
1438 1164 1526 1240 hinc
1560 1166 1826 1242 determinatio

240 1294 416 1369 absoluta
449 1316 563 1367 areae
598 1290 713 1384 basis,
748 1290 889 1389 quippe
925 1290 1032 1392 cujus
1066 1293 1259 1389 quantitas
1293 1294 1467 1373 absoluta
1502 1293 1708 1398 quaeritur,
1743 1297 1826 1395 nui-

240 1421 316 1495 lam
349 1417 594 1495 mutationem
619 1394 772 1495 ‘realem
813 1419 970 1518 patitur.

434 1720 465 1826 i.
514 1731 584 1800 28.
651 1724 764 1800 Haec
815 1737 942 1800 autem
995 1725 1118 1827 magis
1172 1698 1273 1802 fient¹
1312 1704 1544 1826 perspicua,
1594 1724 1624 1801 si
1673 1724 1826 1800 modum

118 1852 154 1906 i·
197 1892 203 1906 ·
241 1879 314 1952 quo
366 1874 484 1950 supra
528 1861 632 1943 (20)
674 1851 723 1926 ad
757 1857 912 1930 ‘aream'
949 1853 1042 1949 ΕΩ
1062 1854 1153 1928 HR
1195 1840 1463 1930 inveniendam
1509 1852 1565 1929 usi
1606 1875 1737 1947 sumus
1770 1866 1828 1927 at·

240 1981 379 2057 tentius
435 1977 733 2056 consideremus.
824 1979 990 2056 Primum
1041 1979 1187 2058 scilicet
1235 2005 1283 2057 ex
1329 1978 1581 2082 integratione
1636 1971 1852 2054 formulae'

240 2098 499 2209 ssdordy
545 2105 767 2186 deduximus
812 2110 913 2185 hanc
962 2132 1093 2186 aream
1118 2111 1246 2207 :f
1268 2099 1350 2190 dx
1384 2097 1716 2215 (ΡΒ-ΡΩ),
1764 2106 1828 2182 ubi

200 2247 203 2255 ’
240 2236 394 2335 quidem
442 2233 537 2327 ΡΩ
572 2258 594 2309 a
628 2235 721 2312 PR
769 2233 1047 2328 subtraximus,
1097 2235 1186 2338 quia
1217 2235 1423 2350 manifesto
1457 2247 1542 2320 erat
1571 2227 1828 2330 PR>PQ,

169 2364 172 2367 ’
241 2365 309 2441 sed
361 2363 399 2438 in
449 2360 535 2461 ipso
585 2359 733 2440 calculo
774 2364 881 2440 nulla
923 2360 1143 2442 continetur
1186 2364 1306 2469 ratio,
1351 2385 1449 2463 quae
1489 2359 1739 2462 praecipiat,
1787 2380 1838 2441 ut
1967 2406 1972 2411 ι

132 2561 140 2575 ,
240 2490 368 2593 potius
411 2489 497 2584 PQ
539 2505 573 2597 a‘
602 2490 684 2565 PR
725 2515 841 2591 quarn
892 2489 1059 2588 vicissim
1109 2490 1190 2585 PR
1224 2515 1248 2568 a
1282 2489 1371 2586 ΡΩ
1415 2490 1706 2593 subtrahamus,
1755 2487 1828 2565 sic·

241 2642 317 2718 que
359 2609 437 2693 non
481 2618 713 2696 adversante
753 2618 903 2697 calculo
935 2618 1190 2719 potuissemus
1224 2641 1348 2717 aequo
1377 2618 1466 2718 jure
1498 2614 1660 2693 eandem
1695 2637 1828 2691 aream

240 2770 313 2847 per
346 2750 387 2843 s
411 2737 436 2825 ὸ
463 2765 492 2822 x
526 2744 574 2831 (P
600 2742 724 2838 Q-
748 2744 777 2822 Ρ
801 2744 855 2835 R)
905 2745 1142 2845 exprimere,
1192 2770 1267 2845 quo
1308 2755 1426 2847 pacto
1467 2766 1516 2820 es
1548 2740 1728 2844 negativa
1761 2743 1832 2818 sed

241 2873 364 2974 priori
409 2870 576 2969 aequalis
599 2921 604 2941 t
620 2872 823 2972 proditura
843 2930 845 2932 -
866 2870 1012 2949 fuisset.
1093 2853 1155 2948 Ex
1196 2897 1270 2973 quo
1307 2869 1553 2971 perspicuum
1587 2882 1647 2945 est
1678 2868 1829 2971 signum

241 3001 306 3095 -1-
347 2998 409 3073 vel
451 3038 515 3059 --
546 3023 622 3074 non
666 3000 918 3097 quantitatem
966 3022 1103 3090 areae,
1153 3024 1251 3098 quae
1301 2998 1517 3098 quaeritur,
1567 2990 1767 3088 afficere,
1793 3009 1832 3070 et

243 3127 430 3202 caleulum
472 3124 558 3227 pari
592 3126 680 3226 jure
724 3127 775 3202 ad
809 3133 1011 3223 utrumque
1044 3132 1261 3229 perducere
1294 3150 1424 3227 posse.
1492 3125 1620 3219 Quam
1654 3125 1704 3198 ob
1739 3145 1828 3211 cau-

242 3278 325 3331 sam
368 3258 544 3353 superius
576 3232 817 3331 dubium'ita
850 3251 1035 3347 diluetur,
1079 3266 1120 3329 ut
1161 3254 1333 3330 dicamus
1368 3250 1742 3349 areamquaesitam
1777 3250 1829 3324 ita

242 3381 405 3483 exprimi
439 3372 602 3474 debere,
635 3395 676 3457 ut
709 3380 757 3457 sit

434 3524 1146 3630 :ssssotsamr-srr,
1268 3484 1269 3487 ‘

241 3699 281 3761 et
325 3695 364 3757 ut
407 3707 500 3758 area
540 3683 701 3782 positive
742 3706 928 3783 expressa
969 3654 1157 3783 prodeat,
1205 3683 1336 3783 quovis
1370 3706 1461 3759 casu
1496 3706 1542 3756 eo
1578 3679 1687 3780 signo
1722 3691 1830 3749 uten-

178 3918 181 3923 ἱ
242 3812 330 3886 dum
366 3832 471 3901 esse,
504 3836 579 3908 quo
612 3833 659 3909 ζ
694 3811 748 3900 (R
765 3811 874 3886 V·-
899 3811 988 3900 ST)
1023 3813 1206 3888 reddatur
1241 3810 1432 3910 quantitas
1466 3807 1643 3909 positiva.
1700 3834 1705 3845 ·

456 4111 486 4219 i.
542 4123 614 4210 29.
698 4110 801 4188 Hinc
854 4112 969 4188 etiam
1025 4111 1171 4207 dubia,
1228 4136 1326 4210 quae
1377 4110 1473 4184 sorte
1503 4104 1611 4191 ,oriri
1671 4113 1833 4201 possent

247 4241 349 4315 circa
399 4239 657 4316 inventionem
703 4261 819 4315 areae
869 4262 1106 4333 curvarum,
1171 4263 1330 4339 quarum
1380 4247 1511 4332 partes
1560 4230 1734 4327 utrinque
1785 4229 1832 4302 ad

247 4388 356 4442 axem
410 4382 499 4444 sunt
547 4368 781 4469 dispositae,
833 4379 872 4444 et
925 4365 1062 4464 quibus
1107 4383 1264 4467 tyrones
1306 4388 1423 4463 saepe
1464 4385 1542 4438 non
1581 4381 1718 4459 parum
1752 4378 1834 4430 tur·

246 4491 330 4563 bari
380 4496 532 4588 solent,
592 4497 702 4574 facile
763 4495 1019 4571 resolvuntur.
1079 4486 1151 4571 'si
1205 4493 1309 4570 'enirn
1362 4513 1504 4565 curvae
1557 4483 1730 4581 QAR
1786 4483 1834 4556 ad
