4230 5670
784 496 1205 578 SUPPLEMENTUM
1239 497 1322 580 vtl.

455 706 483 818 i.
522 715 595 786 3³.
663 705 761 782 Cum
796 701 910 807 igitur
943 701 1017 778 ista
1052 699 1217 778 stirmnio
1247 701 1527 782 transcendens

601 832 1169 1008 11:2...s71—ffi23427

259 1065 295 1140 in
336 1085 378 1139 se
419 1056 616 1136 contineat
654 1075 769 1127 arcus
812 1046 981 1125 omnium
1013 1044 1223 1123 sectionum
1259 1047 1490 1125 conicarum-
1515 1071 1539 1124 a
1569 1049 1714 1129 vertice
1747 1078 1856 1134 sum·

260 1207 345 1281 tos,
379 1191 514 1263 harum
548 1182 800 1260 formularum
834 1201 923 1276 ope,
955 1185 1199 1272 quotcunque
1231 1189 1501 1277 proponantur
1536 1201 1651 1257 arcus
1683 1179 1722 1260 in
1755 1207 1856 1281 qus,

259 1321 317 1395 vis
351 1315 522 1392 sectione
555 1308 711 1399 conica,
752 1303 817 1404 qui
851 1325 986 1380 omnes
1020 1326 1044 1378 a
1076 1301 1222 1381 vertice
1255 1303 1332 1383 siut
1364 1302 1498 1402 sumti,
1539 1329 1694 1410 semper
1725 1334 1854 1391 novus

260 1448 297 1522 in
341 1446 476 1521 eadem
517 1436 687 1516 sectione
730 1433 869 1510 conica
916 1452 1052 1509 arcus,
1072 1428 1221 1529 pariter
1254 1430 1455 1510 avertice
1489 1432 1662 1513 abscindi
1693 1438 1854 1539 poterit,

260 1574 321 1674 qui
348 1598 371 1648 a
395 1592 544 1649 summa
561 1565 726 1654 illorum
759 1581 918 1638 arcuum
950 1556 1127 1636 datorum
1158 1557 1356 1663 discrepet
1386 1559 1597 1660 quantitate
1630 1562 1854 1666 sigebraice

262 1696 498 1802 assignabili.
564 1693 665 1786 Quin
700 1687 816 1766 etiam
848 1684 941 1766 nihii
974 1685 1149 1789 impedit,
1190 1711 1268 1787 quo
1301 1687 1427 1766 minus
1459 1685 1572 1789 aliqui
1602 1687 1702 1768 iuter
1736 1717 1853 1773 arcus

260 1829 373 1904 datos
414 1822 616 1924 cupiantur
653 1815 844 1920 negativi,
888 1813 1201 1915 quandoquidem
1234 1807 1318 1919 jam
1349 1806 1627 1896 ‘annotavimus
1659 1842 1745 1900 esse
1779 1833 1853 1906 11:

261 1947 346 2066 (-
387 1944 488 2063 )::
509 1991 562 2007 -
586 1960 718 2041 1122,
765 1945 819 2023 ita
860 1956 904 2021 ut
942 1955 1077 2021 nostra
1111 1941 1381 2022 determinatio
1414 1941 1545 2022 etium
1563 1949 1851 2055 accommodari

262 2082 385 2182 possit
438 2080 488 2154 ad
537 2099 651 2154 arcus
700 2074 801 2150 inter
848 2069 1034 2150 terminos
1072 2092 1324 2170 quoscunque
1364 2070 1613 2174 interceptos.
1685 2075 1854 2177 Hocque

147 2270 152 2277 .
260 2211 375 2288 modo
421 2205 625 2298 tractatio,
671 2226 789 2302 quam
835 2224 961 2300 nuper
1001 2198 1108 2277 eires
1149 2199 1479 2303 comparationem
1519 2199 1651 2281 taiium
1692 2207 1854 2284 ausuum

261 2339 369 2429 dedi,
401 2336 520 2412 multo
549 2330 775 2437 generalior
807 2327 917 2445 reddi
949 2326 1104 2430 poterit.

455 2524 486 2635 ς.
523 2531 596 2602 34.
664 2518 892 2613 Caetenrm,
924 2519 1247 2619 quemadmodum
1279 2519 1356 2601 hoc
1388 2517 1503 2614 cusu,
1535 2544 1613 2621 quo
1646 2520 1852 2603 sumsimus
1889 2596 1905 2612 ‚

262 2661 416 2737 Zzot
439 2648 639 2757 ÷f3zz,
674 2653 880 2728 character
907 2672 1032 2750 supra
1063 2661 1272 2750 usurpatus
1305 2640 1790 2761 sptaeyabiitin-ssxy
1813 2671 1854 2747 2,

262 2789 352 2863 dum
387 2784 533 2864 scilicet
564 2806 611 2858 ex
643 2778 741 2858 binis
775 2775 1048 2879 quantitatibus
1079 2799 1114 2877 rs
1145 2792 1185 2856 et
1215 2797 1257 2877 y,
1290 2777 1500 2856 secuudum
1524 2787 1737 2880 praecepta
1758 2777 1854 2857 dats

262 2914 376 2990 tertia
417 2937 443 2987 z
485 2909 782 3014 determinaturt
824 2904 887 2981 ‘ita
928 2903 1066 2997 etism,
1113 2927 1370 3007 quaecunque
1409 2904 1484 2984 alia
1516 2902 1664 2984 coacto
1696 2905 1786 2986 lucu
1820 2908 1853 2984 Z

265 3041 513 3127 adhibeatur,
547 3035 727 3133 quoniam
760 3031 957 3133 posuimus

456 3212 525 3310 qs:
541 3163 970 3337 xyssus(¹*-77'‘
978 3257 990 3298 ,
1022 3198 1208 3281 existente
1242 3225 1457 3303 uzxy,

263 3376 518 3481 integratione
544 3373 736 3472 absoluta,
762 3370 905 3447 functio
938 3370 1027 3447 inde
1051 3371 1243 3452 resultans
1268 3386 1417 3475 tantum
1443 3372 1693 3473 quantitatem
1712 3399 1740 3451 u
1763 3399 1856 3453 eum

263 3508 395 3584 litteris
432 3529 461 3579 a
499 3516 539 3581 et
575 3501 615 3587 di
648 3498 874 3595 continebit,
918 3498 1228 3600 quandoquidem
1272 3500 1398 3579 littera
1430 3509 1448 3577 t
1478 3502 1533 3580 ita
1564 3503 1856 3606 exprimebatur

264 3628 968 3724 ιῑαα-γῖἳίιιι-ιιααιιιι,
1008 3652 1096 3704 cum
1135 3626 1291 3706 invento
1324 3628 1502 3731 integrali
1533 3632 1674 3733 ubique
1707 3632 1793 3709 loco
1825 3654 1855 3707 u

263 3763 454 3838 scribatur
495 3785 527 3833 a
560 3781 608 3856 y,
649 3769 690 3832 at
730 3779 825 3832 vero
865 3754 951 3831 loeo
984 3780 1014 3831 u
1046 3772 1086 3832 et
1118 3752 1159 3839 di
1190 3755 1341 3835 litterae
1373 3783 1400 3836 z
1431 3770 1472 3835 ct
1502 3755 1556 3863 33
1623 3772 1736 3857 atque
1776 3761 1856 3838 boc

263 3891 380 3965 modo
422 3885 654 3963 obtinebitur
694 3882 806 3960 valor
853 3883 1090 3961 characteris
1132 3885 1294 3985 qrzary
1335 3909 1409 3987 pro
1448 3887 1582 3987 quovis
1615 3909 1710 3964 casu
1757 3911 1856 3988 pro·

262 4017 408 4119 posito,
442 4037 541 4112 quae
574 4009 742 4102 functio,
773 4007 846 4086 nisi
878 4010 993 4087 inerit
1025 4010 1264 4113 ulgebraien,
1305 4035 1461 4114 semper
1493 4026 1565 4117 per
1597 4013 1857 4118 logorithmos

262 4161 303 4222 et
336 4166 449 4219 arcus
483 4137 693 4217 circulares
726 4135 896 4212 exhiberi
930 4136 1096 4236 poterit;
1146 4138 1357 4239 siquidem,
1391 4141 1446 4220 uti
1478 4141 1747 4237 assumimus,
1794 4143 1860 4222 lit·

263 4286 347 4349 tera
382 4274 412 4346 Z
448 4268 561 4345 suerit
594 4263 738 4344 functio
772 4261 970 4343 rationalis
1002 4289 1077 4363 par
1108 4264 1228 4367 ipsius
1260 4292 1298 4346 z.
