4230 5670
270 490 342 558 rna
801 485 1190 563 sueeununuruu
1244 434 1349 560 rus

264 702 388 773 hurum
416 700 526 791 igitur
552 700 719 773 seriorum
746 702 876 794 prioris‘
896 723 1028 776 sumna
1055 704 1124 807 erit

616 922 642 968 u
977 923 1004 970 π

479 1017 781 1160 2isin.²-(32——',“⁰)
811 1011 856 1024 ⁸-
886 1002 1113 1161 Μ’

265 1270 465 1360 posterioria
492 1292 575 1343 vero
602 1292 734 1344 summa
761 1273 829 1345 erit

265 1856 364 1946 Quod
390 1859 420 1929 si
446 1847 530 1946 ergo
557 1856 738 1931 brevitatis
764 1859 878 1948 gratia
904 1879 1070 1948 ponamus

568 2076 595 2122 π

478 2189 684 2315 2icos.}⁰{

705 2105 820 2206 ΞΒ,
848 2100 1059 2226 θῐ-ξῑὶαης.
1080 2101 1192 2226 ’ἐξῇ-,-
1213 2118 1260 2207 Τ,

265 2423 470 2497 habebimus
496 2433 677 2517 sequentes
704 2426 790 2499 duas
817 2429 1065 2520 integrationes

305 3308 308 3315 ·
450 3275 481 3368 g.
513 3279 574 3349 72.
630 3274 733 3350 Circa
760 3278 822 3350 hae
849 3278 946 3350 binas
972 3278 1218 3368 integrationes
1255 3283 1334 3350 aute
1361 3277 1473 3350 omnia
1500 3276 1662 3368 observo,
1700 3296 1758 3348 eae
1785 3295 1845 3365 pe·

266 3398 366 3471 riude
392 3400 505 3471 locum
531 3400 679 3494 habere,
707 3403 780 3475 sive
806 3424 870 3493 pro
896 3402 1061 3475 litterisi
1083 3408 1120 3474 et
1146 3427 1171 3471 o
1199 3403 1412 3493 accipiantur
1439 3401 1573 3473 numeri
1599 3400 1746 3491 integri,
1775 3399 1847 3471 sive

265 3522 377 3596 fracti.
434 3522 511 3596 Sint
537 3525 627 3596 eninr
655 3527 676 3596 λ
703 3533 740 3598 et
766 3552 791 3597 o
819 3528 953 3599 numeri
988 3525 1090 3599 fracti
1122 3528 1336 3619 quicunque,
1374 3528 1433 3616 qui
1461 3526 1607 3598 evadant
1633 3526 1780 3617 integri,
1818 3525 1869 3617 si

266 3675 539 3766 multiplicentur
565 3697 629 3768 per
656 3701 701 3768 α,
733 3699 801 3770 quo
827 3678 937 3770 posito
964 3677 1026 3749 fiat
1051 3701 1139 3748 a:
1159 3673 1214 3772 c‘,
1241 3677 1376 3781 eritque
1402 3644 1504 3787 ξε
1526 3643 1602 3789 ἓξ,
1631 3682 1666 3749 et
1692 3682 1844 3769 potestne

265 3847 487 3918 quaecunque
513 3805 554 3898 εδ
573 3860 620 3891 =
641 3806 724 3920 πως
760 3829 857 3920 prior
883 3830 992 3921 igitur
1018 3827 1168 3902 formula
1194 3831 1261 3902 erit

266 4359 345 4448 ubi,
383 4380 461 4430 cum
487 4359 558 4451 jam
586 4380 702 4433 omnes
734 4366 942 4450 exponentes
976 4360 1046 4432 siut
1072 4360 1206 4432 numeri
1233 4359 1379 4451 integri,
1418 4357 1515 4429 valor
1541 4356 1645 4449 hup'ua
1680 4355 1847 4429 formulae

266 4483 374 4575 posito
409 4491 488 4574 post
523 4484 787 4575 integrationem
814 4505 838 4554 c
858 4491 972 4583 =1,
1009 4483 1279 4575 quandoquidem
1316 4490 1397 4555 tuuc
1432 4482 1534 4553 etiam
1570 4480 1610 4553 fit
1636 4504 1722 4552 a:
1749 4487 1790 4572 l,
1826 4503 1847 4553 a

265 4609 493 4698 praecedente
520 4631 561 4681 eo
588 4615 722 4681 tantum
750 4607 885 4700 differt,
914 4606 1005 4699 quod
1032 4591 1087 4678 hic
1115 4606 1280 4680 habemus
1308 4609 1352 4677 αλ
1379 4611 1414 4678 et
1442 4630 1491 4676 uo
1520 4607 1593 4678 loco
1620 4608 1641 4677 λ
1669 4616 1705 4679 et
1732 4631 1778 4698 o,
1807 4626 1846 4679 ac

263 4739 445 4826 praeterea
470 4735 528 4807 hic
554 4733 648 4806 adsit
674 4731 782 4806 factor
800 4756 854 4825 u,
892 4732 1052 4823 quocirca
1079 4731 1175 4805 valor
1202 4733 1302 4804 istius
1328 4731 1493 4803 formulae
1521 4732 1590 4802 erit
