4230 5670
794 511 860 593 AD
891 511 1016 586 SEUF.
1045 512 1071 583 Ι.
1128 509 1239 585 ΤΟΜ.
1268 513 1312 584 Π.
1771 518 1844 587 559

809 723 1212 799 corollarium
1270 690 1336 797 1]

450 902 482 995 ξ.
540 907 602 975 69.
685 901 830 991 Quando
887 903 997 992 igitur
1058 903 1160 993 plura
1221 901 1321 992 signa
1382 902 1567 993 integralis
1628 903 1693 975 sibi
1756 905 1844 975 invi-

264 1047 338 1099 oem
409 1025 540 1099 fuerim
608 1026 783 1116 involuta,
864 1026 972 1098 veluti
1039 1026 1068 1097 si
1138 1025 1326 1098 habeamus
1392 1016 1601 1129 tilpino
1624 1017 1647 1128 J
1670 1019 1712 1104 or
1734 1017 1758 1130 J
1782 1022 1842 1119 als,

262 1151 330 1223 ista
383 1148 638 1223 transformatio
692 1151 727 1222 in
781 1150 961 1240 quibusvis
1021 1149 1131 1221 ternis
1188 1149 1297 1239 signis
1350 1170 1387 1222 se
1440 1156 1559 1223 mutuo
1622 1153 1844 1242 sequentibus

262 1275 397 1346 institui
446 1275 595 1366 poterit,
650 1274 739 1346 unde
784 1275 819 1344 in
864 1274 929 1346 bae
981 1272 1130 1345 formula
1182 1275 1358 1364 proposita
1412 1276 1539 1367 duplex
1593 1275 1846 1351 transformatio

264 1398 420 1471 adbiberi
447 1400 594 1490 poterit;
641 1399 737 1490 prior
763 1398 896 1471 scilieet
921 1399 958 1470 in
984 1399 1094 1471 ternis
1120 1399 1227 1489 signis
1252 1400 1426 1490 prioribus
1452 1401 1632 1492 praebebit

472 1585 897 1746 inuigilare,

264 1847 408 1927 atvero
435 1842 471 1912 iu
499 1841 608 1938 ternis
633 1840 881 1932 posterioribus
908 1839 993 1912 baec
1020 1837 1274 1912 transformatio
1301 1841 1459 1913 adbibita
1486 1841 1580 1913 dabit

470 2027 888 2178 Jlipjrdpfglroa

756 2335 1212 2442 ¹corollarium
1269 2341 1304 2409 2.

448 2515 480 2607 g.
539 2517 599 2587 70.
681 2514 774 2588 Hinc
840 2535 945 2606 porro
1015 2535 1078 2603 ope
1148 2514 1302 2606 ejusdem
1375 2511 1688 2588 transformationis
1758 2515 1845 2587 aliae

262 2640 403 2730 insuper
430 2638 505 2711 fieri
532 2647 695 2733 possunt,
750 2640 857 2712 veluti
885 2660 927 2712 ex
954 2647 1128 2731 postrema
1154 2635 1267 2711 forma

468 2808 891 2958 liutolfi-filos,

262 3072 302 3137 ut
355 3066 390 3137 in
443 3065 551 3137 ternis
604 3063 778 3155 prioribus
835 3065 942 3154 siguis
996 3085 1051 3136 res
1105 3063 1259 3154 expediri
1312 3068 1439 3156 queat,
1517 3062 1593 3136 loeo
1645 3056 1709 3154 roo
1761 3065 1845 3135 scri·

237 3176 382 3262 'bamus
409 3181 473 3282 ov,
518 3193 559 3261 nt
584 3188 772 3260 babeamus
1227 3186 1229 3191 ⁴

363 3421 372 3453 ‘
470 3376 876 3526 [Oplivfflrrlm

265 3654 354 3725 qnae
380 3630 645 3706 transformatur
672 3631 706 3702 in
733 3563 822 3701 bano

471 3801 909 3952 Jodpfz-zfglros,

174 4060 175 4063 ‘
263 4061 353 4133 quae
380 4061 497 4113 omnes
522 4035 689 4112 formulae
716 4038 782 4128 ipsi
809 4038 1002 4129 propositae
1030 4043 1109 4108 sunt
1135 4055 1276 4127 prorsus
1302 4034 1474 4128 aequales.

448 4235 480 4328 ἓ.
520 4237 582 4306 71.
637 4232 687 4306 Ut
730 4253 803 4305 rem
848 4233 1004 4333 exemplo
1049 4232 1283 4320 illustremus,
1338 4251 1512 4303 sumamus
1556 4250 1631 4303 esse
1667 4253 1764 4322 p:
1784 4223 1846 4318 ἡ

262 4384 349 4454 l=
369 4337 430 4451 ἢ
474 4381 562 4429 r=
581 4351 642 4450 ai,
687 4358 738 4429 ita
764 4362 806 4429 ut
831 4356 979 4431 formula
1006 4356 1182 4448 proposita
1209 4356 1256 4427 sit
1485 4454 1644 4525 ΜΝ

474 4480 1781 4701 “itloe“*¹0²l2⁹‘⁴fflf⁷’⁴⁰²²(t-r—aiioeltafte-al'

265 4731 345 4807 Jam
373 4752 436 4824 pro
462 4729 762 4805 transformatione
787 4718 857 4802 erit
881 4730 991 4821 primo
