4230 5670
261 487 343 558 610
805 482 1196 561 SUPPLEMENTUM
1250 487 1312 561 XI.

264 700 358 775 eirea
411 719 514 792 quam
566 686 716 792 primum
761 699 927 792 observo,
983 700 1144 793 qnoniam
1188 720 1230 774 ea
1273 701 1318 775 ad
1360 702 1546 776 terminum
1589 700 1628 776 Μ
1670 699 1859 795 refertur,

260 847 323 920 per
375 825 640 918 integrationem
693 824 761 898 rite
805 825 1002 901 institutam
1053 825 1195 919 insuper
1246 825 1350 920 adjiei
1403 828 1531 903 debere
1584 828 1733 902 similem
1789 848 1858 900 ex·

262 952 475 1046 pressionem
527 951 571 1025 ad
623 952 810 1023 torminum
861 952 1012 1043 priorem
1066 950 1098 1024 A
1151 951 1317 1045 relatam,
1389 961 1427 1026 at
1479 975 1560 1027 vero
1611 955 1706 1044 signo
1762 973 1858 1026 oon·

264 1079 372 1151 trario
425 1074 603 1166 affectam,
656 1076 693 1148 id
746 1076 837 1167 quoi
889 1077 967 1149 ideo
1019 1081 1073 1149 est
1126 1078 1378 1167 necessarium,
1438 1082 1477 1151 ut
1528 1075 1617 1150 facto
1665 1099 1689 1148 n
1718 1108 1769 1140 =
1804 1081 1857 1170 0,

263 1204 368 1277 otiam
393 1204 481 1276 haec
508 1200 683 1294 expressio
709 1201 849 1292 penitus
874 1200 1032 1275 tollatur.
1085 1200 1249 1276 Refertm
1275 1207 1391 1276 autem
1416 1203 1483 1277 ista
1508 1222 1591 1296 pars

475 1336 1123 1553 sqq-q÷p-aq

264 1657 364 1732 unice
417 1656 460 1731 ad
513 1655 675 1729 ultimum
728 1655 914 1729 terminum
966 1655 1026 1747 M,
1081 1654 1140 1729 ubi
1193 1622 1327 1785 ΜΞ)
1378 1658 1491 1749 ipsum
1541 1655 1721 1749 spatiolum
1774 1652 1852 1754 Μμ

263 1811 448 1904 exprimit,
521 1807 692 1899 similique
736 1807 836 1880 modo
880 1807 917 1878 in
962 1784 1107 1881 aiteram
1152 1813 1287 1901 portem
1331 1828 1395 1900 pro
1442 1808 1541 1881 initio
1585 1809 1617 1882 A
1659 1806 1849 1898 spatiolum

263 1936 323 2009 Aa
376 1934 600 2027 ingredietur.
680 1932 770 2021 Hine
822 1937 920 2025 patet
981 1933 1011 2006 si
1073 1953 1191 2006 omues
1251 1954 1377 2008 curvae
1435 1933 1609 2025 proximae
1669 1955 1718 2023 uqa
1779 1950 1850 2021 per

264 2062 358 2153 ipsos
410 2059 529 2132 ambos
582 2059 745 2131 terminos
798 2058 830 2130 A
875 2062 912 2130 et
956 2057 996 2131 M
1048 2057 1219 2132 ducantur
1271 2064 1346 2131 tum
1400 2058 1621 2131 variationem
1672 2053 1845 2129 secundae

263 2186 373 2277 partis
401 2184 438 2257 in
465 2181 610 2257 nihilum
636 2182 741 2257 abiro.

449 2503 481 2598 ξ.
539 2506 601 2576 41.
685 2500 948 2576 Consideremus
1006 2507 1125 2576 autem
1187 2521 1325 2593 casum,
1406 2522 1473 2594 quo
1526 2521 1630 2575 curva
1688 2499 1845 2590 proxima

264 2654 317 2725 ap
360 2650 423 2722 per
466 2628 619 2721 primum
668 2626 806 2718 quidem
858 2627 1043 2700 terminum
1087 2630 1120 2701 A
1164 2628 1289 2703 transit
1341 2647 1411 2701 non
1463 2648 1545 2701 vero
1597 2644 1727 2719 quoqne
1776 2642 1844 2715 per

263 2757 413 2829 alterum
458 2755 519 2848 Μ,
583 2751 643 2826 sed
689 2752 735 2826 sit
788 2758 952 2843 puuctum
1005 2775 1030 2845 μ
1083 2752 1158 2846 ejus
1202 2751 1391 2846 terminus,
1458 2757 1561 2844 atque
1603 2747 1744 2823 variatio
1797 2766 1844 2820 ex

264 2881 414 2956 secunda
439 2885 539 2974 parte
566 2883 648 2951 nata
674 2878 741 2949 erit

476 3063 1059 3227 Μρ-ξψξ-Μ)

265 3327 383 3417 Atque
437 3324 517 3397 hino
579 3322 684 3394 etiam
747 3319 890 3394 definire
952 3320 1141 3411 poterimus
1205 3318 1426 3391 variationem
1480 3338 1522 3390 ex
1574 3316 1689 3389 eodem
1747 3309 1840 3383 fonte

266 3452 465 3537 oriundam,
521 3449 548 3519 si
594 3466 701 3519 curva
754 3447 909 3536 proxima
953 3444 1031 3535 Ap,
1095 3463 1163 3515 non
1207 3443 1243 3513 in
1296 3443 1370 3534 ipso
1424 3448 1550 3533 puncto
1594 3466 1619 3535 p
1661 3438 1718 3513 sed
1768 3434 1836 3506 alio

267 3595 470 3666 quocunqne
533 3597 557 3641 o
621 3572 846 3661 terminetur,
927 3569 1096 3641 existente
1157 3587 1293 3658 semper
1359 3568 1541 3640 intervallo
1604 3589 1653 3659 po
1712 3557 1839 3633 infinite

267 3720 383 3790 parvo.
466 3697 581 3769 Duota
634 3697 724 3767 enim
777 3696 948 3786 applicato
1010 3715 1114 3784 emp,
1194 3693 1339 3766 variatio
1393 3694 1492 3765 modo
1554 3693 1689 3763 inventa
1745 3686 1838 3756 insu·

267 3843 330 3914 per
375 3824 495 3913 augeri
539 3820 642 3892 debet
685 3819 856 3911 particula
900 3817 1069 3891 formulae
1100 3809 1244 3918 JZoo,
1299 3838 1386 3908 quae
1431 3819 1597 3890 elemento
1642 3816 1692 3903 Pp
1719 3839 1763 3872 =
1793 3801 1838 3885 oo

269 3948 470 4038 respondet,
525 3965 612 4036 quae
652 3945 824 4034 particula
864 3963 970 4034 quum
1010 3942 1057 4014 sit
1086 3971 1132 4003 =
1162 3941 1310 4034 Z.Pp,
1365 3962 1427 4032 pro
1467 3963 1549 4014 arou
1595 3956 1716 4012 curvae
1758 3953 1838 4024 pro·

270 4074 382 4145 ximae
409 4073 468 4144 Ao
497 4070 565 4142 erit
591 4068 738 4141 variatio
766 4089 808 4140 ex
834 4067 983 4140 secunda
1009 4070 1109 4157 parte
1135 4066 1279 4138 oriunda

481 4256 1287 4404 mop÷5³2÷9,⁰,}-ete.)÷z.rp

456 4622 489 4715 ξ.
519 4625 582 4695 42.
646 4621 803 4695 Ducatur
856 4627 950 4695 recta
1003 4619 1092 4713 Mo,
1164 4624 1201 4693 et
1253 4638 1458 4712 quaeramus
1510 4613 1670 4706 angulum
1721 4601 1840 4707 oMm,

273 4762 372 4831 quem
434 4746 518 4817 haec
580 4750 675 4817 recto
737 4747 805 4819 Μω
869 4768 945 4819 cum
1010 4766 1115 4818 curva
1176 4745 1359 4836 principali
1422 4741 1619 4830 constituit,
1697 4732 1842 4822 ponatur
