4230 5670
724 416 748 477 b

823 506 888 580 AD
916 506 1070 580 FINEM
1097 505 1210 581 Toni.
1238 507 1301 581 ΙΙΙ.
1773 514 1849 585 615

264 652 393 797 ιηήῖε
459 722 618 796 involvit.
700 720 756 796 Ad
818 721 964 814 primam
1026 742 1111 814 ergo
1173 722 1316 796 classem
1377 721 1559 797 referimus
1625 746 1683 799 eos
1749 745 1851 800 casus

263 848 387 941 quibus
437 847 597 938 aequatio
649 866 713 939 pro
765 847 915 920 maximo
968 846 1022 920 vel
1075 847 1215 921 minimo
1267 848 1407 920 inventa
1457 869 1600 941 prorsus
1644 857 1697 923 eet
1741 848 1849 925 finita.

264 973 321 1045 nd
374 972 557 1045 secundam
610 977 727 1045 autem
780 973 922 1045 classem
975 992 1057 1066 eos,
1130 971 1255 1064 quibus
1309 974 1394 1046 haec
1448 975 1609 1066 aequatio
1662 973 1701 1049 fit
1754 974 1851 1049 difle-
1901 1018 1906 1027 ·

264 1096 421 1171 rentislis
475 1097 614 1171 secundi
657 1096 804 1190 gradm,
858 1098 902 1170 sd
947 1097 1086 1170 tertiam
1130 1116 1210 1189 eos,
1266 1097 1390 1189 quibus
1434 1100 1593 1192 aequatio
1647 1101 1691 1175 ad
1745 1120 1850 1192 quar-

263 1226 339 1295 tum
392 1221 539 1313 gradum
592 1221 744 1296 ascendit
795 1225 831 1294 et
883 1221 933 1294 itu
986 1242 1110 1314 porro,
1192 1241 1277 1314 quas
1331 1223 1484 1316 singulas
1541 1224 1668 1298 classes
1730 1224 1850 1299 ordine

269 1345 514 1421 describamus.

900 1592 1135 1669 Classis
1187 1594 1215 1668 Ι.

452 1774 485 1869 ξ.
526 1776 588 1847 50.
668 1773 724 1848 Ad
776 1770 980 1845 solutionem
1034 1792 1118 1865 ergo
1171 1772 1304 1866 primae
1358 1772 1476 1846 classis
1528 1770 1678 1847 formula
1726 1765 1852 1876 szo

151 1938 198 1995 ⁸.
265 1900 382 1973 statim
444 1899 625 1993 perducit,
705 1896 840 1991 quando
902 1898 1076 1988 expressio
1137 1895 1165 1969 Z
1226 1903 1363 1970 tantum
1425 1919 1488 1990 per
1549 1899 1765 1973 coordinatus
1827 1920 1851 1972 a

264 2030 301 2097 et
351 2047 375 2116 y
428 2023 590 2097 exclusis
629 2022 780 2096 omnium
833 2019 1112 2094 differentialium
1169 2022 1363 2095 rationibus
1416 2022 1686 2112 determinatur,
1768 2023 1849 2115 quia

265 2149 356 2222 enim
408 2148 473 2222 hoc
526 2168 628 2238 casu,
700 2145 908 2238 simpliciter
959 2145 1001 2218 fit
1053 2138 1104 2225 dZ
1134 2175 1180 2210 =
1210 2139 1297 2223 Mdc
1324 2169 1375 2216 -r-
1403 2139 1501 2240 Ndp,
1574 2149 1734 2239 aequatio
1787 2167 1850 2239 pro

266 2291 373 2346 curvo
425 2272 565 2345 maximi
609 2272 665 2346 vel
709 2271 842 2344 minimi
886 2272 954 2344 erit
995 2270 1105 2344 N:
1135 2272 1180 2363 0,
1237 2252 1326 2362 onae
1370 2292 1453 2365 ergo
1498 2274 1659 2365 aequatio
1713 2273 1851 2347 omnino

265 2403 320 2471 est
372 2397 620 2491 determinata,
700 2401 806 2488 atque
859 2396 945 2469 adeo
998 2413 1106 2469 curua
1158 2393 1372 2469 satisfaciens
1431 2397 1532 2470 unica
1584 2397 1621 2468 in
1674 2417 1736 2469 sno
1790 2419 1850 2489 ge-

265 2543 359 2596 nere.
439 2522 560 2596 Veluti
614 2523 643 2594 si
706 2524 893 2612 quaeratur
955 2520 1068 2613 linea,
1148 2520 1186 2591 in
1239 2541 1308 2613 qua
1369 2522 1468 2595 valor
1528 2520 1698 2596 formulae
1757 2511 1853 2625 Jdoe

265 2647 538 2742 (My—pp)
601 2644 662 2719 fiat
723 2646 893 2718 maximus
959 2645 1015 2716 vel
1078 2643 1257 2736 minimus,
1339 2645 1383 2718 ob
1445 2645 1849 2740 Z==2oy-yp,

144 2762 148 2768 ’
263 2773 407 2865 ideoque
459 2771 570 2845 N:
601 2775 622 2845 2
650 2772 688 2866 (n
713 2811 765 2824 —
786 2769 844 2863 y),
898 2769 1058 2862 aequatio
1109 2770 1265 2861 quaesita
1317 2770 1386 2843 erit
1437 2792 1462 2843 o
1487 2813 1540 2824 —
1564 2794 1588 2863 y
1616 2799 1664 2832 =
1695 2776 1742 2865 0,
1791 2791 1853 2844 seu

263 2897 356 2972 linea
407 2897 562 2989 quaesita
615 2896 683 2969 erit
735 2901 833 2969 recta
886 2892 931 2968 ad
983 2913 1083 2966 axem
1135 2892 1262 2985 angulo
1315 2894 1496 2969 semitecto
1545 2894 1734 2989 inclinata,
1788 2915 1852 2987 pro

265 3069 334 3140 qua
386 3068 470 3141 ergo
524 3048 622 3122 valor
673 3045 841 3120 formulae
893 3045 1092 3140 propositae
1143 3044 1323 3137 integralis
1376 3049 1429 3119 est
1480 3011 1519 3160 ξ
1530 3101 1539 3138 ,
1616 3046 1677 3155 qni
1729 3047 1851 3138 utique

264 3200 377 3273 minor
429 3205 502 3296 est,
578 3219 681 3292 qnam
733 3199 764 3282 si
817 3197 891 3270 ulla
942 3196 1011 3270 alia
1063 3196 1153 3270 lines
1205 3216 1311 3269 curra
1361 3199 1560 3270 sumeretur
1612 3216 1677 3289 pro
1731 3196 1850 3271 eadem

265 3324 399 3399 scilicet
425 3324 590 3398 abscissa.

451 3553 482 3648 §-
532 3555 593 3626 51.
674 3551 741 3624 His
792 3554 908 3623 autem
960 3548 1099 3622 casibus
1151 3549 1262 3642 prima
1315 3549 1433 3624 classis
1486 3551 1638 3625 nondum
1690 3553 1852 3627 exhauri-

265 3685 344 3769 tur,
400 3679 460 3751 sed
505 3676 632 3750 deutur
680 3675 792 3748 adhuc
837 3674 897 3746 alii
941 3673 1082 3765 perinde
1127 3674 1170 3746 ad
1222 3675 1444 3766 aequationes
1496 3673 1614 3748 finitas
1666 3675 1852 3772 ducentes,

202 3872 206 3879 .
266 3804 310 3878 ad
363 3803 453 3894 qnod
509 3799 775 3893 ostendendum,
848 3799 895 3872 sit
939 3795 967 3885 3
1012 3797 1142 3871 fnn'ctio
1195 3819 1418 3892 quaecunque
1470 3798 1624 3891 ipsarum
1676 3823 1701 3871 n
1749 3807 1786 3874 et
1828 3826 1853 3895 p

266 3933 372 4021 atque
441 3919 493 4015 03
522 3955 570 3990 =
600 3917 690 4005 mlle
720 3948 767 3995 -e-
795 3916 895 4017 noy,
980 3922 1119 4016 jamque
1190 3928 1341 4015 ponatur
1409 3922 1439 3997 Z
1469 3954 1518 3988 =
1546 3920 1621 4019 Bp,
1715 3925 1851 4017 eritque

266 4051 307 4125 M
336 4082 383 4115 =
413 4049 501 4144 lilip3
555 4047 663 4122 N:
692 4044 770 4141 llp3
825 4043 1008 4140 1³:53,
1064 4067 1170 4140 qnare
1215 4053 1255 4121 ut
1298 4047 1448 4122 formula
1487 4038 1610 4152 1st
1662 4046 1724 4122 fiat
1776 4070 1850 4124 ma·

265 4177 395 4251 ximum
422 4176 477 4250 vel
502 4174 702 4265 minimum,
747 4174 909 4265 aequatio
935 4172 1112 4265 reperitur

479 4359 999 4508 0=ilip-}{=})dp-
1080 4358 1467 4507 -ἓό-ἕ-νπ-Ψῖ,

265 4640 355 4713 quae
407 4619 527 4694 itidem
580 4625 634 4693 est
686 4618 847 4711 aequatio
899 4615 1006 4691 finita.
1079 4614 1178 4707 Quod
1230 4616 1368 4707 quidem
1421 4614 1526 4688 etiam
1578 4613 1698 4688 satim
1750 4634 1852 4706 prae·

268 4744 385 4820 uidere
428 4744 605 4839 licuisset,
666 4764 773 4835 quum
817 4743 909 4816 enim
961 4742 1008 4816 sit
1056 4735 1130 4837 por
1157 4771 1205 4806 =
1234 4733 1299 4838 ip,
1366 4740 1452 4815 haec
1496 4738 1647 4814 formula
1697 4740 1849 4833 integra-
