4230 5670
959 295 975 339 Ι

732 476 803 551 AD
836 475 972 557 TOM.
1006 479 1037 556 1.
1108 480 1223 561 CAP.
1258 487 1365 563 VIII.

988 1251 1050 1306 ΙΙ
994 1082 1055 1136 Η
984 916 1053 970 Η
993 740 1054 796 Η

400 1708 607 1816 (.1012.
676 1699 868 1797 Quoniam
918 1710 1044 1774 autem
1094 1701 1341 1797 aequationes
1391 1703 1566 1803 primae,
1616 1712 1808 1788 secundae

240 1866 286 1915 ac
329 1837 464 1914 tertiae
499 1833 632 1912 classis
663 1829 778 1925 etiam
810 1827 848 1901 in
882 1829 956 1903 hoc
990 1828 1121 1902 ordine
1156 1829 1295 1921 vatent,
1346 1830 1378 1906 si
1412 1831 1449 1905 in
1483 1830 1528 1905 iis
1562 1832 1722 1912 valores·
1748 1839 1808 1914 hic

238 1945 412 2042 inventos
454 1961 753 2046 substituamus,
803 1967 993 2053 perpetuo
1042 1955 1080 2028 in
1129 1954 1378 2051 aequationes
1428 1956 1615 2032 identicas
1664 1960 1807 2039 incide·

235 2116 331 2169 mus.
400 2092 459 2166 Ita
494 2112 579 2167 cum
615 2082 792 2185 aequatio
826 2080 975 2199 primae
1008 2082 1142 2162 classis
1176 2083 1223 2160 sit
1256 2072 1326 2193 (1,
1343 2072 1392 2190 2)
1413 2068 1489 2191 (3,
1516 2074 1559 2192 1)
1594 2105 1655 2159 :z
1689 2077 1808 2200 (Μ)

100 2343 104 2350 ἡ
236 2228 386 2347 (m),
422 2239 523 2312 facta
567 2231 833 2311 substitutione
875 2218 1089 2322 reperietur
1127 2216 1190 2334 (1,
1220 2217 1268 2335 2)
1311 2220 1443 2337 (3,1)
1478 2253 1540 2307 :z
1571 2196 1732 2346 sscdssp
1767 2257 1806 2311 at
1938 2292 1939 2297 ,

235 2366 427 2492 νὲῑοζ(1,
452 2375 496 2491 1)
530 2373 594 2489 (2,
617 2367 665 2485 2)
698 2380 739 2451 fit
772 2398 834 2453 z
865 2339 1020 2486 §2332
1078 2377 1251 2475 haecque
1294 2371 1469 2451 identitas
1509 2377 1624 2450 etiam
1665 2383 1805 2480 depre.

233 2531 443 2619 bendetur,
491 2529 529 2603 in
563 2498 688 2602 tribus
717 2515 1005 2620 aequationibus
1039 2519 1232 2595 secundae
1266 2517 1418 2614 classis,
1468 2513 1582 2621 atque
1616 2526 1731 2601 etiam
1765 2531 1803 2604 in

231 2681 298 2731 sex
350 2639 638 2751 aequationibus
688 2649 826 2727 tertiae
875 2643 1027 2752 classis,
1081 2644 1402 2742 quemadmodum
1455 2651 1642 2727 calculum
1696 2654 1801 2731 insti·

229 2783 348 2858 tuenti
381 2773 481 2856 mor
502 2778 661 2882 patebit.
702 2757 735 2814 7
917 2765 921 2779 ’
1171 2788 1175 2799 “

306 3138 309 3141 a
422 3061 451 3170 i.
495 3072 596 3139 103.
664 3059 779 3138 Simili
828 3062 944 3139 modo
993 3059 1094 3135 haud
1143 3057 1295 3135 difficile
1337 3058 1410 3136 erit
1450 3063 1550 3138 hanc
1592 3063 1799 3168 investiga-

229 3189 372 3265 tionem
418 3191 467 3264 ad
508 3187 661 3264 ordines
703 3191 921 3290 superiores
963 3188 1217 3297 extendere,
1243 3211 1367 3285 neque
1407 3183 1537 3265 tamen
1570 3190 1693 3290 legem
1729 3198 1797 3269 ob-

196 3341 387 3394 -servare
438 3316 544 3409 licet,
591 3316 803 3407 secundum
844 3324 978 3413 quam
1002 3311 1336 3388 determinationes
1377 3315 1610 3413 singularum
1653 3320 1797 3394 sormu-

193 3487 195 3489 .
229 3446 350 3517 larum
399 3445 580 3544 cujusque
622 3426 766 3517 ordinis
806 3439 1119 3542 progrediuntur.
1185 3437 1344 3513 Interim
1394 3456 1522 3515 tamen
1571 3443 1795 3521 observasse

221 3570 390 3669 juvabit,
439 3571 477 3644 in
511 3568 645 3657 ordine
679 3574 863 3665 sequente
897 3579 1023 3658 sexto,
1064 3563 1130 3641 ubi
1162 3575 1323 3641 7228
1363 3584 1401 3640 et
1434 3567 1623 3642 formulae
1659 3595 1794 3647 occur-

226 3713 315 3772 runt
360 3705 445 3787 28,
509 3719 578 3772 eas
612 3740 613 3743 κ
643 3716 776 3770 omnes
827 3693 952 3794 primo
1003 3714 1074 3787 per
1127 3704 1293 3787 quatuor
1348 3672 1551 3768 formulas*
1586 3693 1794 3775 circulares

227 3813 292 3929 (1,
316 3811 362 3927 7)
397 3845 458 3900 .·:
484 3822 536 3917 A,
567 3811 634 3930 (2,
664 3808 714 3928 b)
747 3844 811 3900 z
836 3822 892 3913 B,
933 3807 998 3926 (3,
1026 3807 1075 3924 5)
1108 3835 1171 3894 Ξ
1198 3818 1253 3911 C,
1287 3809 1354 3937 (4,
1384 3809 1432 3926 4)
1465 3847 1528 3899 .·;
1552 3823 1605 3912 D,
1638 3838 1797 3921 praete·‘

225 3974 292 4024 rea
327 3972 423 4025 vero
456 3974 528 4049 per
560 3949 743 4025 has-tres
777 3945 1099 4023 transcendentes
1128 3933 1194 4054 (t,
1223 3933 1273 4054 6)
1307 3972 1369 4027 .-.·.
1395 3950 1436 4042 Ρ,
1470 3936 1533 4055 (2,
1564 3938 1612 4055 5)
1646 3978 1708 4030 2:
1743 3954 1793 4048 Q,

224 4091 263 4149 et
305 4064 370 4182 (3,
401 4064 449 4181 4)
482 4095 545 4153 z
568 4076 624 4169 R,
673 4074 920 4151 determinari
968 4096 1098 4173 posse.
1167 4072 1265 4148 Cum
1312 4072 1427 4174 igitur
1475 4076 1609 4172 quovis
1659 4080 1792 4154 ordine

224 4198 491 4279 determinatio
549 4198 783 4304 singularum
840 4202 1117 4293 formularum,
1164 4212 1339 4299 praeter
1397 4202 1580 4278 formulas
1629 4205 1792 4278 circula·
1857 4192 1860 4197 ’

221 4352 306 4421 res,
356 4352 454 4426 quae
496 4326 740 4430 utiquepro
783 4329 945 4432 cognitis
977 4325 1121 4437 baberi
1154 4340 1336 4424 possunt,
1387 4328 1502 4403 etiam
1536 4328 1678 4425 aliquot
1712 4332 1790 4404 for·

221 4455 342 4531 mulas
393 4455 710 4533 transcendentes
758 4458 949 4557 postulet,
995 4452 1030 4531 ‘si
1079 4451 1215 4530 saitem
1263 4451 1416 4527 naiores
1464 4455 1601 4527 harum
1642 4458 1788 4532 sormu-
1846 4438 1848 4441 ⁵

220 4581 341 4656 lurum
407 4604 503 4658 vero
570 4581 743 4680 proxime
809 4604 1046 4685 cognoscere
1094 4575 1344 4666 uoluerimus,
1411 4580 1612 4659 methodus
1665 4585 1787 4660 adhuc

278 4732 363 4807 vot.
399 4733 463 4810 lv.
1518 4740 1570 4811 41
