4216 5676
176 502 181 515 '
267 539 340 608 592
803 534 1189 611 sunnnnmnunom
1243 535 1306 610 x1.

262 756 380 821 menta
431 751 467 822 in
520 750 625 823 tertio
679 750 850 822 volumine
914 751 1028 842 operis
1081 753 1148 824 mei
1203 752 1246 824 de
1296 754 1362 824 hoc
1415 758 1620 843 argumento
1683 753 1852 844 exposui,

263 874 384 947 reduci
436 895 545 966 posse.
629 875 844 948 Pertractavi
907 884 1022 949 autem
1075 878 1111 948 in
1165 878 1233 950 ista
1286 876 1437 949 secunda
1490 882 1589 968 parte
1643 897 1701 949 eas
1755 877 1850 950 inte·

264 1001 460 1090 grationes,
530 1020 620 1091 qnae
673 1000 766 1072 circa
819 998 1010 1073 functiones
1064 1001 1209 1074 duarum
1264 1001 1481 1074 variabilinm
1536 1007 1737 1092 versantur,
1813 1002 1851 1074 in

263 1144 331 1215 quo
384 1124 505 1197 calculi
558 1145 684 1215 genere
737 1125 841 1195 etiam
895 1147 987 1199 nunc
1039 1128 1096 1199 vix
1150 1128 1245 1200 ultra
1297 1129 1410 1219 prima
1462 1127 1630 1199 elementa
1683 1126 1853 1219 progredi

136 1342 141 1354 .
262 1249 372 1321 licuit.

448 1643 480 1737 ξ.
539 1647 573 1715 5.
655 1642 755 1713 lilius
826 1641 959 1713 scilicet
1020 1644 1222 1714 incrementi
1283 1643 1380 1735 loco,
1462 1643 1554 1732 quod
1623 1642 1850 1714 variationem

263 1767 455 1859 appellavi,
536 1768 645 1857 ipsam
716 1767 943 1857 quantitatem
1009 1790 1032 1857 p
1104 1786 1170 1837 non
1243 1767 1392 1857 amplius
1462 1773 1624 1858 tanquam
1696 1765 1849 1839 functio·

262 1913 340 1967 nem
406 1892 512 1964 solius
579 1891 755 1963 variabilis
821 1912 844 1961 e
910 1892 1105 1983 considero,
1196 1891 1255 1962 sed
1324 1911 1399 1962 eam
1467 1896 1629 1981 tanquam
1697 1889 1849 1963 iunctio-

263 2038 339 2089 nem
394 2017 551 2090 binarum
605 2015 821 2087 variabilium
873 2037 897 2085 x
950 2023 986 2087 et
1039 2021 1053 2086 t
1097 2016 1132 2087 in
1187 2014 1356 2088 calculum
1402 1997 1602 2108 intro'duco,
1657 2016 1708 2088 sie
1753 2016 1847 2087 enim

262 2169 343 2243 dum
398 2162 445 2248 dc
470 2135 543 2295 (ἐξ)
595 2166 766 2260 significat
824 2189 941 2240 rerum
996 2165 1222 2240 differentiale
1275 2168 1384 2259 ipsius
1435 2191 1479 2260 y,
1560 2169 1646 2240 haec
1698 2165 1850 2240 formula

262 2338 297 2424 dt
323 2313 395 2472 (ἐξ)
447 2345 537 2417 idem
600 2343 793 2436 significare
856 2345 1003 2436 poterit,
1084 2345 1175 2435 quod
1238 2349 1340 2417 antea
1402 2346 1502 2437 signo
1556 2346 1617 2437 ty
1678 2346 1848 2419 indicari·

263 2518 350 2569 mus.
433 2494 510 2586 Quo
571 2496 657 2568 haec
718 2497 907 2568 reddantur
970 2496 1118 2570 clariora
1181 2497 1409 2588 concipiamus
1461 2521 1485 2589 p
1538 2506 1578 2570 ut
1639 2498 1848 2589 applicatam

263 2623 454 2715 cujuspiam
508 2641 633 2694 curvae
686 2622 858 2693 abscissae
902 2643 926 2692 c
971 2621 1255 2714 respondentem,
1310 2628 1415 2713 atque
1459 2623 1494 2694 in
1545 2622 1676 2694 calculo
1730 2623 1847 2694 varia·

262 2748 393 2819 tionum
439 2747 508 2817 alia
551 2746 674 2817 relatio
718 2746 926 2837 requiritur,
981 2767 1069 2836 quae
1114 2767 1230 2819 omnes
1274 2749 1361 2819 alias
1414 2766 1537 2819 curvas
1590 2747 1671 2819 huic
1724 2747 1848 2820 saltem

262 2873 434 2960 proximas
480 2871 747 2962 complectatur,
812 2892 930 2943 omues
974 2878 1089 2942 autem
1143 2873 1338 2965 hujusmodi
1383 2893 1525 2963 curvae,
1590 2874 1618 2944 si
1663 2873 1695 2943 X
1740 2873 1847 2944 deno·

263 3003 314 3068 tet
366 2997 460 3067 illam
515 2995 723 3067 functionem
768 2996 822 3066 cui
866 3019 888 3086 p
933 3001 1119 3085 aequatur,
1176 2998 1238 3068 tali
1286 2999 1488 3087 aequatione
1532 2998 1699 3069 contineri
1744 3018 1848 3087 posse
1965 3062 1969 3067 .

261 3144 358 3211 p:
389 3119 421 3191 X
451 3144 496 3187 ψ
526 3119 573 3191 tV
628 3117 846 3189 manifestum
896 3125 968 3204 est;
1041 3120 1223 3193 denotante
1269 3121 1301 3193 V
1346 3121 1554 3193 functionem
1610 3141 1847 3212 quamcunque

263 3246 369 3334 ipsius
421 3265 456 3315 a.
537 3244 655 3316 Sumta
708 3243 797 3313 enim
843 3249 855 3313 t
905 3243 1035 3315 infinite
1089 3266 1196 3335 parva
1252 3247 1335 3317 haec
1388 3247 1548 3336 aequatio
1603 3268 1718 3319 omnes
1772 3269 1846 3317 om·

262 3370 342 3439 nino
396 3369 504 3438 lineas
558 3388 682 3438 curvas
736 3368 930 3457 propositae
984 3370 1157 3457 proximas
1212 3370 1245 3439 in
1301 3391 1337 3441 se
1391 3372 1676 3463 comprehendet,
1741 3377 1847 3461 atque

262 3494 345 3564 adeo
399 3493 486 3564 hanc
540 3491 682 3562 formam
738 3493 846 3563 multo
901 3494 1148 3581 generaliorem
1194 3495 1338 3566 reddere
1383 3497 1482 3589 licet,
1539 3498 1588 3567 ita
1633 3503 1672 3568 ut
1717 3518 1779 3586 pro
1823 3520 1848 3586 p

261 3616 391 3688 iunctio
436 3637 658 3706 quaecunque
703 3617 858 3687 binarum
904 3618 1119 3689 variabilium
1164 3641 1188 3689 u
1229 3624 1264 3689 et
1305 3625 1318 3690 t
1359 3622 1518 3710 usurpari
1563 3621 1692 3713 possit,
1745 3621 1845 3691 dum-

262 3743 360 3813 modo
405 3762 446 3812 ea
490 3743 540 3812 ita
580 3739 684 3811 fuerit
725 3747 941 3831 comparata,
997 3749 1036 3813 ut
1076 3745 1186 3834 posito
1226 3750 1239 3813 t
1269 3776 1315 3805 =
1347 3748 1392 3837 0,
1447 3746 1592 3835 prodeat
1632 3748 1706 3837 ipsa
1747 3744 1846 3818 iunc-

262 3868 311 3938 tio
338 3867 513 3957 proposita
540 3890 629 3957 p:
651 3866 694 3937 X.

446 4274 477 4366 ἓ.
535 4280 569 4345 6.
653 4278 722 4347 Pro
778 4277 968 4346 variatione
1031 4277 1139 4365 igitur
1197 4277 1417 4365 invenienda,
1501 4279 1675 4368 quantitas
1730 4299 1753 4347 a
1807 4285 1849 4349 ut

261 4403 421 4469 constans
476 4402 646 4489 spectari,
729 4401 835 4489 ipsius
890 4421 970 4470 vero
1031 4424 1054 4491 p
1108 4399 1331 4472 differentiale
1395 4407 1529 4473 tantum
1592 4423 1634 4473 ex
1697 4402 1845 4474 variabi-

261 4522 359 4592 litate
418 4523 524 4611 ipsius
577 4532 590 4595 t
643 4523 776 4595 desumi
830 4523 951 4612 debet;
1033 4526 1123 4595 unde
1178 4527 1206 4595 si
1261 4527 1436 4615 expressio
1500 4527 1675 4616 proposita
1737 4524 1847 4598 suerit

259 4647 363 4733 primi
417 4649 572 4738 generiS,
655 4648 785 4720 iunctio
849 4649 980 4720 scilicet
1042 4651 1193 4739 ipsarum
1247 4671 1270 4719 ec
1323 4655 1359 4721 et
1418 4674 1441 4741 p
1503 4657 1658 4742 tantum,
1739 4671 1844 4741 quam

257 4769 375 4840 littera
456 4771 484 4841 Z
565 4771 802 4864 designemus,
876 4784 1066 4863 'ponamus
1146 4773 1434 4848 differentiatioue
1520 4781 1681 4848 consueta
1761 4796 1844 4867 pro·
