4230 5670
255 482 328 557 122
793 475 1179 554 'SUPPLEMENTUM
1230 475 1296 549 III.

142 728 311 869 2)
347 729 417 842 lle
445 728 612 840 volone
644 726 889 839 formrdoe
924 667 1433 924 interrralioJ²l⁶⁰2²

404 1000 500 1104 qno
535 971 648 1105 post
681 964 1075 1103 integrationem
1119 963 1439 1123 ponitnra=
1456 994 1488 1061 1
1545 979 1665 1080 Noe
1706 978 1839 1080 Uom-

401 1160 630 1259 meotore‘c'
652 1152 803 1258 Acod.
833 1156 958 1286 Imp.
990 1154 1066 1256 Sc.
1096 1156 1492 1291 Pctropolitococ.
1536 1156 1668 1259 Pom.
1694 1156 1838 1258 XIX.

404 1337 528 1464 Peg.
565 1318 635 1434 30
657 1386 738 1399 —-
760 1318 842 1432 64.

440 1649 472 1742 §-
504 1650 565 1721 69.
621 1647 676 1720 Ex
703 1647 972 1720 consideratione
999 1644 1300 1718 innumerabilium
1328 1665 1470 1720 arcuum
1498 1648 1741 1739 circularium,
1779 1649 1838 1740 qui

255 1792 466 1846 communem
504 1772 633 1846 babent
667 1773 723 1844 vel
759 1771 887 1844 sinum⁴
904 1772 959 1843 vel
988 1777 1206 1860 tangentem,
1247 1771 1321 1862 jam
1347 1770 1427 1843 olim
1456 1773 1716 1846 summationem
1754 1774 1839 1845 dua·

257 1919 334 1970 rum
370 1898 538 1970 seriernm
574 1894 786 1969 infinitarum
812 1896 958 1986 deduxi,
1004 1917 1092 1987 quae
1118 1895 1161 1968 ob
1193 1915 1359 1967 summam
1396 1895 1657 1985 generalitatem
1693 1897 1840 1969 maxime

256 2026 448 2094 memoratu
484 2020 608 2112 dignae
638 2020 854 2094 videbantur.
903 2019 940 2092 Si
967 2021 1055 2092 enim
1084 2020 1224 2092 litterae
1250 2041 1285 2090 m
1311 2024 1347 2092 et
1372 2041 1398 2092 aa
1424 2040 1584 2093 numeros
1619 2007 1846 2129 quoscunque*

254 2145 440 2237 denotant,
486 2146 600 2237 posita
635 2144 793 2219 diametri
829 2145 963 2217 ratione
998 2143 1043 2216 ad
1077 2143 1307 2236 peripheriam
1343 2149 1383 2217 ut
1413 2148 1430 2216 l
1461 2144 1505 2218 ad
1540 2168 1587 2236 π,
1634 2145 1715 2218 illae
1751 2146 1840 2220 duae

254 2272 499 2344 commotiones
525 2270 590 2344 hoc
616 2270 716 2343 modo
744 2290 781 2343 se
807 2269 980 2343 habebant

258 3250 364 3334 atque
400 3262 441 3314 ex
478 3242 533 3313 bis
568 3241 701 3315 duabus
741 3241 898 3315 seriebus
929 3243 1002 3334 jam
1042 3248 1116 3313 tum
1161 3244 1325 3333 temporis
1369 3244 1555 3315 elicueram
1599 3244 1843 3316 summationes

258 3367 410 3439 omnium
441 3365 607 3438 seriorum
633 3365 795 3457 illarum,
841 3386 984 3455 quarum
1021 3366 1295 3438 denominatores
1331 3367 1516 3439 secundum
1554 3373 1740 3457 potestates
1775 3389 1839 3438 nu-

257 3511 429 3563 merorum
483 3488 694 3561 naturalium
739 3489 1027 3583 progrediuntur,
1083 3490 1368 3580 quemadmodum
1412 3492 1447 3562 in
1497 3492 1751 3565 introductione
1804 3493 1839 3564 in

258 3615 413 3707 analysin
457 3612 667 3686 infinitorum
709 3620 745 3687 et
780 3612 865 3686 alibi
901 3614 1012 3688 insius
1046 3615 1200 3706 exposui.
1255 3614 1356 3686 Nunc
1392 3623 1508 3688 antem
1552 3615 1689 3688 eaedem
1735 3617 1841 3688 series

258 3760 311 3812 me
356 3737 592 3830 perduxerunt
626 3739 669 3810 ad
705 3739 969 3830 integrationem
1014 3739 1181 3812 formulae
1218 3738 1251 3809 in
1288 3740 1391 3811 titulo
1426 3759 1628 3831 expressae,
1676 3759 1763 3831 qnae
1800 3760 1840 3812 eo

257 3865 368 3954 magis
395 3863 587 3935 attentione
613 3862 718 3955 digna
743 3864 900 3954 videtur,
948 3862 1038 3954 quod
1066 3861 1261 3954 hujusmodi
1288 3855 1536 3953 integrationes
1566 3863 1644 3936 aliis
1670 3863 1841 3937 methodis

258 3989 457 4080 neutiquam
484 3986 627 4078 exsequi
653 3987 766 4060 liceat.

444 4342 475 4434 §-
508 4344 569 4412 70.
627 4338 752 4412 Statim
788 4341 902 4411 autem
938 4344 1056 4429 patet,
1103 4339 1166 4412 baa
1206 4340 1291 4412 duas
1335 4342 1442 4413 series
1487 4340 1636 4415 infinitos
1676 4343 1761 4414 oriri
1798 4362 1840 4414 ex

260 4466 454 4537 evolutione
491 4464 703 4556 quarundam
729 4461 953 4536 formularum
982 4463 1225 4555 integralium,
1271 4465 1405 4553 sipost
1431 4466 1696 4556 integrationem
1734 4486 1840 4557 quan-

258 4588 354 4660 titati
382 4589 540 4662 variabili
568 4595 684 4661 certus
712 4589 829 4678 valor,
877 4589 983 4660 veluti
1012 4588 1123 4659 unitas
1150 4587 1347 4678 tribuatur;
1392 4590 1444 4662 ito
1469 4590 1565 4679 prior
1592 4591 1700 4663 series
1735 4589 1840 4663 dedu·

259 4714 350 4785 citur
376 4734 420 4786 ex
445 4713 640 4785 evolutione
667 4711 770 4804 hujus
796 4712 963 4786 formulae
989 4712 1168 4801 integralis
