4230 5670
627 454 685 532 IN
717 453 841 532 FINE
876 453 1014 531 SECT.
1048 453 1080 530 Ι.
1113 452 1242 530 ΤΟΜ.
1278 454 1311 530 Ι.
1673 460 1761 536 dra

377 651 407 762 ξ.
442 655 516 730 lt.
581 656 685 732 Hinc
724 653 839 758 igitur
884 652 1019 747 solutio
1061 653 1312 754 problematis
1357 654 1566 732 Florentini
1606 659 1660 735 ita
1692 683 1761 762 ge·

175 780 410 860 neralissime
444 783 706 879 adornabitur.
783 780 1001 858 Constituto
1044 783 1257 881 quadrante
1291 783 1421 858 circuli
1462 787 1494 859 Α
1530 786 1561 860 C
1597 786 1648 878 B,
1699 788 1759 864 eui
1790 812 1913 889 12;„11‚·

169 924 310 1019 hortans
344 913 534 1012 sphaerae
566 911 735 1005 insistat,
776 909 886 986 radio
922 912 952 986 C
988 910 1020 986 Α
1053 910 1383 1004 existenteza,
1424 912 1615 1011 ductoque
1647 916 1758 992 radio

173 1063 399 1138 quocunque
450 1038 545 1136 CS,
595 1051 756 1117 vocetur
800 1037 930 1139 anguli
969 1037 1095 1115 ACS
1138 1050 1389 1141 tangens:
1414 1063 1461 1134 u;
1512 1054 1593 1116 tum
1635 1044 1760 1143 primo

173 1192 293 1244 curva
333 1167 478 1262 EQG
519 1168 573 1246 ita
612 1179 874 1257 construatur,
925 1177 966 1242 ut
1007 1166 1056 1244 sit
1098 1154 1333 1272 Cqus
1354 1157 1450 1276 (aa
1473 1162 1674 1280 -UU),
1724 1181 1763 1247 et

171 1294 489 1395 perpendiculum
539 1320 586 1372 en
636 1296 676 1391 Q
725 1297 774 1371 ad
825 1295 1068 1394 sphaericam
1116 1318 1240 1392 usque
1295 1295 1539 1399 superficiem
1589 1312 1762 1375 erectum

172 1423 397 1520 QMzU,
431 1412 943 1534 denota‘ntevUsunotionem
978 1446 1245 1523 quamcunque
1280 1421 1542 1523 algebraicam
1576 1423 1694 1524 ipsius
1722 1451 1761 1501 u.

174 1551 210 1625 Si
245 1554 402 1627 uzo
435 1555 552 1629 abeat
594 1549 682 1646 cQ
723 1551 763 1626 in
804 1549 913 1644 CE,
956 1563 996 1628 et
1039 1550 1139 1647 QM
1180 1548 1219 1625 in
1253 1550 1344 1628 EI.
1393 1551 1545 1628 Deinde
1581 1551 1762 1646 alia'de·

172 1678 364 1755 scribatur
395 1704 515 1758 curva
546 1680 630 1755 FR
648 1680 708 1774 H,
741 1690 783 1754 ut
816 1675 865 1755 sit

363 1807 1243 1972 ca:,J[aa-(o-³ll¹3‡¹¹¹‘l)²]‚
1297 1960 1301 1967 ἦ

168 2038 207 2103 et
239 2027 558 2129 perpendiculum
588 2050 636 2104 ex
669 2026 706 2100 R
739 2029 788 2103 ad
821 2028 1029 2128 sphaeram
1050 1971 1182 2128 usque
1215 2014 1439 2127 pertingens

239 2140 251 2154 -
377 2160 957 2318 RN⁰:U-9-V—(¹-5‡-'-—¹⁸¹‘),‘
998 2208 1026 2311 J

169 2373 378 2448 denotante
417 2368 453 2443 V
496 2369 610 2444 aliam
660 2394 927 2470 quamcunque
975 2364 1211 2448 functionem
1256 2369 1519 2474 algebraicam
1556 2369 1685 2470 ipsius
1720 2395 1759 2463 u,

169 2523 268 2598 quae
309 2498 424 2572 abeat
464 2495 502 2573 in
542 2499 573 2572 C
608 2496 639 2573 si
673 2496 854 2601 12:03
904 2522 980 2594 quo
1022 2521 1116 2575 casu
1151 2497 1261 2575 simul
1295 2501 1386 2576 CE.
1410 2499 1449 2574 in
1487 2499 1566 2574 CF
1601 2510 1640 2572 et
1672 2495 1761 2571 RN

166 2628 205 2702 in
239 2625 322 2701 PK
357 2624 484 2701 abeat.
533 2624 622 2698 Jam
656 2623 713 2701 his
748 2626 894 2702 duabus
927 2624 1055 2703 curvis
1091 2625 1342 2717 constructis,
1382 2625 1509 2727 portio
1546 2622 1760 2727 superficiei

99 2735 111 2747 ”
166 2750 395 2850 sphaericae
431 2775 546 2828 areae
578 2752 612 2826 E
630 2752 765 2846 QRF
799 2749 1001 2831 imminens
1034 2764 1073 2830 et
1105 2753 1206 2829 intra
1238 2732 1424 2831 terminos
1458 2753 1498 2847 I,
1531 2755 1588 2848 K,
1622 2753 1667 2828 M
1677 2812 1688 2848 ,
1722 2748 1760 2824 N

166 2892 368 2971 contenta,
402 2878 620 2982 algebraice
654 2877 907 2980 exprimetur,
940 2858 1088 2980 eritque
1121 2905 1169 2958 ea
1184 2904 1249 2960 :
1264 2905 1292 2956 a
1307 2869 1362 2987 (V
1378 2920 1430 2938 -
1447 2868 1517 2988 C).

377 3203 408 3314 ξ.
458 3210 530 3284 45.
596 3204 709 3281 Haec
756 3202 821 3283 de
855 3218 995 3283 natura
1043 3179 1293 3281 formularum
1339 3204 1582 3307 integrahum
1633 3204 1758 3300 dupli·

167 3345 341 3414 catarum
390 3332 678 3410 commentandi
726 3333 971 3410 occasionem
1021 3331 1200 3430 praebuit
1249 3332 1454 3431 problema
1506 3356 1628 3431 aeque
1680 3332 1758 3406 ele·

166 3487 264 3566 gans
316 3472 434 3560 atque
478 3457 570 3534 utile
616 3455 657 3536 iu
703 3458 867 3558 analysi,
917 3458 951 3534 si
992 3456 1160 3556 quidem,
1187 3459 1268 3559 ejus
1310 3458 1538 3566 solutionem
1578 3459 1757 3536 evolvere

165 3591 338 3667 liceret.‘
404 3585 676 3685 Qua'erebatur
725 3584 872 3664 seilicet
918 3585 1020 3662 inter
1074 3583 1204 3661 omnia
1253 3608 1422 3685 corpora
1472 3585 1643 3688 ejusdem
1690 3609 1753 3664 so·

164 3717 319 3795 liditatis
366 3715 451 3812 id,
482 3715 584 3814 quod
634 3712 792 3790 minima
837 3710 1042 3816 superficie
1090 3709 1378 3790 contineretur:
1438 3715 1545 3812 quod
1600 3711 1754 3812 quidem

163 3848 213 3924 ad
262 3856 393 3923 ternas
432 3841 685 3925 ,coordinatus
731 3841 1007 3945 orthogonales
1058 3861 1109 3932 ts,
1154 3864 1183 3939 y
1227 3841 1274 3916 ‘et
1320 3864 1348 3916 z
1390 3841 1579 3938 relatum,
1626 3841 1765 3942 posito

162 3967 471 4070 32:12&ae
491 3971 594 4073 -l-q
618 3963 698 4070 dy
744 3970 799 4048 ita
848 3968 1040 4068 analytice
1090 3967 1342 4070 exprimitur,
1383 3981 1428 4046 ut
1472 3968 1572 4045 inter
1620 3991 1754 4047 omnes

163 4100 371 4179 relationes
393 4103 548 4198 ,harum
588 4099 703 4175 trium
745 4098 1006 4189 variabilium,
1054 4122 1154 4197 quae
1197 4098 1360 4175 eandem
1401 4097 1652 4197 quantitatem
1684 4099 1756 4172 hu·

156 4231 221 4332 jus
263 4227 448 4306 formulae
486 4226 684 4331 integralis
722 4228 942 4330 duplicatae
982 4230 1066 4327 ss
1080 4225 1286 4324 23ny
1324 4225 1567 4318 contineant,
1608 4249 1656 4304 ea
1688 4225 1756 4311 de·

70 4389 78 4395 ·
162 4357 336 4448 finiatur,
368 4355 430 4433 eui
461 4355 618 4432 minima
651 4357 847 4455 quantitas
881 4355 991 4458 hujus
1024 4358 1107 4457 ss
1123 4353 1151 4444 ὃ
1166 4378 1199 4428 x
1214 4346 1240 4435 d
1255 4377 1285 4452 y
1302 4340 1344 4461 pl
1355 4342 1402 4461 (l
1423 4361 1528 4451 -l-J)
1541 4377 1569 4452 ρ
1583 4352 1688 4453 -1-(1
1706 4339 1754 4461 q)

163 4483 411 4585 respondeat.
493 4483 611 4578 Quod
648 4484 853 4608 problema
895 4483 926 4562 si
975 4507 1048 4583 per
1090 4479 1281 4559 theoriam
1319 4479 1574 4558 variationum
1613 4505 1754 4585 aggre-

1463 4630 1544 4706 66*
