4216 5676
258 498 331 569 coa
812 482 1202 570 supptementum
1255 495 1317 568 xl.

267 709 359 785 ticiei
411 729 499 801 quae
551 708 692 784 maximi
745 709 920 783 minimive
962 709 1111 801 quadam
1155 710 1369 803 proprietate
1413 711 1566 805 gaudere
1612 711 1735 804 debet,
1791 712 1859 786 im·

268 837 408 911 mineat.
491 834 606 926 Quare
660 854 738 908 cum
791 834 872 907 talis
930 833 1025 908 basis
1087 835 1258 928 duplicem
1321 836 1448 911 habeat
1510 837 1753 911 dimensionem
1805 836 1860 910 al·

265 968 377 1034 teram
422 959 467 1033 ab
508 981 552 1054 cc,
606 958 752 1032 alteram
795 979 878 1032 vero
923 958 968 1032 ab
1006 983 1031 1052 p
1070 959 1295 1054 pendentem,
1350 961 1547 1055 hujusmodi
1591 960 1759 1037 formulae
1802 962 1860 1035 in-

266 1086 417 1178 tegrales
471 1089 574 1158 erunt
625 1083 841 1176 duplicatae,
921 1083 988 1156 hoc
1042 1085 1142 1157 modo
1195 1084 1342 1176 exprimi
1395 1085 1518 1158 solitae
1568 1075 1610 1190 ss
1642 1079 1859 1181 vocoy,

265 1232 328 1285 eae
382 1205 513 1283 seilicet
567 1209 738 1301 duplicem
790 1208 1056 1299 integrationem
1110 1210 1306 1301 postulant,
1387 1215 1492 1302 atque
1536 1211 1572 1282 in
1616 1212 1728 1303 priore
1782 1211 1859 1284 sola

267 1335 469 1410 coordinata
512 1356 536 1407 c
579 1334 635 1406 vel
680 1334 754 1407 sola
797 1356 820 1426 p
865 1353 928 1424 pro
972 1332 1134 1407 variabili
1185 1334 1354 1428 habetur,
1429 1341 1466 1407 et
1509 1335 1695 1430 integratio
1747 1357 1860 1427 usque

271 1460 316 1534 ad
370 1460 535 1533 terminos
587 1457 680 1533 basis
733 1458 928 1551 propositae
981 1458 1200 1551 extenditur,
1280 1465 1355 1532 tum
1409 1479 1491 1534 uero
1554 1460 1691 1534 demum
1752 1461 1860 1534 etiam

269 1586 379 1657 altera
436 1583 614 1657 variabilis
667 1583 873 1674 assumitur,
954 1588 1059 1673 atque
1112 1581 1225 1657 altera
1287 1585 1474 1676 integratio
1527 1585 1727 1659 absolvitur.
1810 1585 1860 1659 Et

268 1709 428 1801 quoniam
482 1707 624 1799 perinde
676 1711 731 1780 est
782 1711 863 1780 utra
915 1707 1013 1799 prius
1066 1726 1130 1798 pro
1183 1707 1345 1781 variabili
1398 1709 1591 1804 habeatur,
1658 1710 1732 1783 sine
1785 1709 1858 1784 diu-

268 1834 414 1906 crimine
485 1829 657 1923 geminam
724 1831 820 1904 illam
888 1831 1151 1922 integrationem
1219 1833 1317 1925 signo
1383 1833 1557 1926 duplicato
1621 1824 1663 1938 ss
1725 1834 1860 1908 iudiea-

172 1968 178 1979 '
272 1979 368 2051 nnus,
426 1978 538 2048 neque
592 1976 675 2029 vero
726 1956 784 2029 hic
838 1957 905 2030 loci
959 1960 1034 2050 est,
1097 1957 1212 2030 omnia
1265 1976 1354 2049 quae
1407 1960 1501 2031 circa
1554 1960 1751 2054 hujusmodi
1803 1959 1860 2030 in·

147 2058 153 2075 “
269 2082 482 2175 tegrationes
535 2080 728 2173 duplicatas
777 2087 858 2154 sunt
901 2080 1135 2174 observanda,
1189 2080 1301 2155 fusius
1346 2098 1536 2178 exponere,
1593 2085 1722 2176 quippe
1765 2082 1859 2175 quod

268 2211 509 2299 argumentum
574 2224 680 2298 supra
741 2206 776 2277 in
829 2205 1087 2298 supplemento.
1120 2204 1184 2278 Vl.
1239 2225 1317 2299 pag.
1375 2210 1464 2282 416.
1518 2228 1589 2299 seq.
1642 2208 1714 2302 jam
1773 2211 1860 2281 satis

267 2337 427 2407 accurate
454 2336 508 2404 est
534 2334 797 2424 pertractatum.

452 2526 485 2620 ξ.
516 2529 577 2599 25.
643 2524 772 2616 Quodsi
825 2545 909 2617 ergo
962 2523 1161 2619 hujusmodi
1214 2522 1382 2599 formulae
1434 2526 1615 2618 integralis
1665 2516 1707 2630 ss
1731 2518 1860 2619 thdy

266 2651 411 2724 venado
464 2651 586 2742 quaeri
630 2650 775 2742 debeat,
829 2650 888 2723 nbi
932 2647 967 2721 V
1012 2649 1154 2723 denotat
1206 2651 1459 2742 expressionem
1513 2671 1751 2743 quamcunque
1801 2650 1859 2724 vel

267 2777 373 2869 primi
417 2776 472 2849 vel
518 2774 660 2848 secundi
701 2774 859 2869 generis,
914 2794 955 2846 ex
996 2774 1232 2867 superioribus
1277 2777 1362 2849 satis
1406 2776 1517 2866 liquet
1560 2776 1649 2850 hanc
1693 2777 1859 2849 amnuo·

267 2923 344 2974 nem
372 2901 421 2974 ita
447 2920 648 2992 expressum
675 2899 719 2971 iri
1732 2902 1735 2906 ’

479 3115 516 3198 oc
530 3088 748 3249 Jj‘(f³-,{)dcd
783 3176 792 3212 ,

270 3366 358 3437 qnae
412 3344 522 3418 forma
574 3345 701 3417 iterum
747 3348 801 3417 est
849 3344 1028 3436 integralis
1074 3344 1272 3437 duplicata,
1327 3350 1364 3418 et
1407 3347 1523 3437 prouti
1569 3344 1625 3417 vel
1669 3367 1692 3416 cc
1735 3347 1791 3419 vel
1835 3370 1859 3438 p

268 3471 384 3563 priore
450 3471 677 3562 integratione
741 3474 781 3543 ut
843 3476 1004 3544 constans
1070 3476 1269 3562 spectatur,
1351 3491 1392 3543 ea
1454 3470 1602 3543 formula
1670 3472 1724 3543 vel
1792 3471 1859 3543 hoc

269 3598 369 3669 modo

481 3712 867 3880 estraellis„

269 3951 325 4024 vel
351 3952 416 4024 hoc
443 3950 542 4024 modo

481 4145 518 4231 aa
533 4143 555 4255 J
572 4144 615 4245 os
631 4142 653 4256 J
668 4119 749 4280 (lg)
768 4145 835 4247 aa,

270 4358 426 4430 exhiberi
453 4362 577 4448 potest.

457 4571 488 4663 g.
520 4574 581 4642 26.
665 4570 719 4644 Sit
771 4589 861 4642 nunc
915 4568 949 4642 V
1002 4571 1083 4642 talis
1138 4570 1311 4660 expressio
1366 4571 1502 4661 qualem
1556 4590 1660 4660 supra
1714 4569 1746 4662 ξ.
1796 4574 1857 4642 19.

274 4721 535 4814 descripsimus,
616 4728 652 4793 et
713 4722 812 4812 cujus
875 4721 1099 4794 variationem
1163 4742 1223 4793 seu
1285 4722 1436 4793 valorem
1489 4687 1571 4847 (ξι-ν)
1628 4721 1663 4792 in
1719 4720 1749 4812 ἓ.
1794 4725 1856 4794 23.
