4230 5670
262 469 350 546 lto

376 653 1539 859 surruunuurulu
1619 657 1752 778 vn.

641 926 725 1008 AD
754 920 896 1012 TOM.
935 924 968 1010 1.
993 924 1146 1010 SECT.
1177 925 1233 1007 ΙΙ.
1268 922 1392 1009 CAP.
1426 923 1477 1005 V.

1028 1164 1060 1232 D
1072 1165 1103 1233 E

290 1369 797 1468 conpnna‘rmuu
831 1361 1307 1475 Qunumraruu
1326 1311 1825 1516 'anuuscmouu-

581 1565 744 1658 mun
769 1564 832 1658 ιιι
858 1565 1078 1661 souma
1092 1539 1543 1714 sfflffl-,j'ssffl

806 1754 1310 1885 couTuuTAuun.

268 2379 423 2461 Plenior
465 2384 670 2485 explicatio
714 2388 821 2466 circa
822 2388 1191 2585 zcomparationem
1232 2390 1485 2492 quantitatum
1524 2391 1564 2469 in
1597 2389 1806 2469 formula
1795 2414 1858 2466 ln·
1987 2486 1989 2489 v

239 2530 240 2533 Ὺ
457 2558 609 2658 tegrali
617 2536 798 2699 [ΜΗ
808 2643 906 2684 mc
885 2543 1029 2694 {m
1033 2626 1063 2700 )
1082 2573 1366 2660 contentarum,
1399 2563 1609 2641 denotante
1633 2559 1664 2634 Z
1688 2556 1856 2636 functio·

459 2750 548 2803 nem
590 2756 858 2836 quamcunque
897 2734 1180 2813 rationalem
1169 2733 1289 2837 ipsius
1322 2760 1349 2811 z
1369 2760 1409 2811 z
1473 2735 1579 2809 Acta
1609 2729 1856 2806 Academiae

458 2877 668 2956 scientiar
704 2885 926 2983 Petropolit
927 2909 1047 2963 auae.
1085 2885 1197 2962 Tom
1233 2884 1281 2965 V.
1313 2887 1423 2966 Pars
1454 2882 1511 2962 II.
1543 2883 1649 2978 Paq
1669 2884 1853 2955 3—-22

459 3211 489 3319 ᾗ.
533 3223 568 3291 1.
601 3312 605 3325 ¹
635 3215 717 3302 Etsi
766 3216 838 3291 hoe
887 3230 1153 3316 argumentum
1196 3218 1280 3321 jam
1330 3215 1482 3318 saepius
1529 3212 1695 3293 tractavi
1736 3222 1854 3314 atque

263 3338 546 3417 Illustrissimus
584 3344 652 3418 La
694 3347 857 3440 Granqc
899 3346 1029 3440 plures
1071 3346 1250 3450 egregias
1291 3346 1581 3425 observationes
1619 3367 1735 3443 super
1781 3345 1854 3415 hu·

255 3469 427 3568 jusmodi
470 3471 644 3548 formulis
686 3498 774 3548 cum
815 3470 970 3572 publico
1003 3453 1331 3553 communicavit:
1378 3473 1417 3549 id
1460 3485 1590 3550 tamen
1630 3470 1854 3568 neutiquam

263 3597 388 3670 adhuc
439 3598 531 3674 satis
577 3603 842 3699 exploratum,
894 3600 1016 3676 multo
1063 3604 1189 3680 minus
1230 3605 1458 3679 exhaustum
1503 3613 1564 3678 est
1603 3598 1852 3690 censendum,

261 3723 330 3797 sed
371 3724 536 3821 plurima
577 3728 701 3805 adhuc
734 3729 899 3806 manime
932 3728 1159 3814 abscondita
1192 3730 1389 3809 involvere
1421 3728 1593 3822 videtur,
1627 3750 1726 3826 quae
1757 3749 1855 3825 pro·
1963 3755 1966 3759 “

261 3849 525 3927 fundissimam
559 3851 846 3958 indagationem
886 3854 1082 3954 requirunt
1122 3877 1236 3960 atque
1273 3857 1436 3959 insignia
1474 3856 1715 3933 incrementa
1749 3858 1853 3928 Ana·

262 3976 390 4072 lyseos
441 3979 683 4077 pollicentur.
768 3984 961 4085 Imprimis
1011 3998 1141 4064 autem
1181 3988 1289 4089 ipsae
1333 3983 1581 4086 operationes
1621 3981 1854 4081 analyticae,

261 4128 360 4199 quae
410 4129 472 4181 me
522 4107 688 4205 primum
734 4112 785 4188 ad
832 4113 933 4187 hane
976 4111 1308 4217 investigationem
1348 4113 1629 4212 perduxerunt,
1676 4110 1730 4186 ita
1763 4124 1852 4186 sunt

263 4248 535 4330 comparatae,
575 4249 617 4312 ut
657 4262 735 4331 ιιοιι
777 4236 850 4315 nisi
884 4241 1118 4339 perplures
1152 4247 1336 4345 ambages
1369 4252 1492 4318 totum
1524 4238 1721 4341 negotium
1756 4261 1852 4314 con·

264 4356 410 4450 ficiunt,
453 4363 554 4438 unde
595 4367 729 4442 merito
772 4366 990 4443 etiamnunc
1032 4372 1237 4448 methodus
1279 4372 1428 4449 directa
1468 4369 1519 4443 ad
1552 4368 1710 4445 easdem
1743 4389 1850 4442 com-

260 4484 481 4572 parationes
516 4493 734 4589 perducens
767 4495 932 4596 manime
966 4509 1027 4573 est
1057 4495 1327 4575 desideranda.
1395 4497 1605 4574 Praeterea
1634 4518 1732 4572 vero
1767 4493 1870 4569 uni-r

263 4624 377 4678 versa
416 4613 512 4690 haec
553 4617 795 4728 investigatio
837 4624 956 4702 multo
998 4624 1109 4705 latius
1142 4638 1271 4728 patet,
1319 4649 1435 4728 quam
1467 4648 1535 4704 eas
1570 4622 1756 4701 formulas
1789 4621 1846 4697 in·
