4230 5670
627 504 629 507 ’
672 528 744 603 an
776 524 905 604 rou.
938 524 972 601 1.
1022 524 1162 602 sacr.
1197 524 1250 604 11.
1284 527 1394 605 car.
1428 528 1478 605 v
1771 530 1861 610 aar

280 719 469 825 tegrales,
510 739 606 817 quas
647 717 773 820 primo
815 743 900 799 sum
940 722 1242 820 contemplatus,
1282 721 1345 798 ubi
1381 746 1453 824 pro
1492 720 1620 799 littera
1653 725 1683 811 Z
1718 736 1865 802 tantum

278 851 341 927 vel
379 845 632 949 quantitatem
672 860 917 926 constantem
956 849 1017 927 vel
1053 850 1287 927 functionem
1320 851 1512 953 integram
1546 850 1663 950 ipsius
1697 879 1764 929 zz
1795 856 1864 929 hu·

274 982 339 1085 jus
373 979 524 1053 formae
556 973 664 1074 Η·
683 979 718 1053 G
734 1002 762 1053 z
775 1002 802 1052 z
815 978 880 1076 -t-
896 976 932 1050 H
952 954 999 1052 z*
1023 992 1082 1076 ÷
1099 977 1118 1051 1
1135 959 1183 1053 2⁶
1204 994 1264 1077 -t-
1280 981 1314 1054 K
1332 968 1377 1054 z⁸
1414 991 1492 1056 etc.‘
1523 980 1696 1072 assumsi,
1729 980 1864 1078 quibus

279 1105 432 1186 casibus
475 1103 651 1199 ostendi,
686 1103 892 1205 propositis
931 1104 1081 1180 duabus
1104 1105 1410 1204 ‘quibuscunque
1449 1104 1720 1204 quantitatibus
1754 1110 1864 1210 hujus

276 1230 451 1338 generis,
498 1254 664 1332 semper·
697 1232 852 1309 tertiam
897 1232 1076 1337 ejusdem
1120 1233 1272 1336 generis
1320 1233 1480 1310 inveniri
1523 1258 1661 1333 posse,
1709 1260 1806 1334 quae
1841 1261 1864 1311 a
1940 1241 1945 1249 '

274 1385 426 1442 summa
458 1358 607 1436 illarum
638 1358 835 1461 discrepet
865 1359 1076 1456 quantitate
1109 1361 1349 1463 algebraica,
1382 1386 1481 1462 quae
1512 1361 1663 1460 quidem
1698 1387 1859 1440 evanes-

226 1480 228 1485 ’
266 1503 341 1570 cat
373 1513 466 1569 casu
499 1514 576 1588 quo
610 1489 643 1564 Z
674 1499 735 1567 est
766 1499 914 1566 tantum
946 1490 1140 1587 quantitas
1173 1502 1392 1571 constans„
1524 1526 1525 1529 κ

330 1819 338 1829 ”
481 1816 511 1925 t.
551 1826 591 1895 2.
656 1815 769 1894 Nunc
811 1829 938 1908 autem
975 1813 1204 1913 observavi,
1251 1817 1407 1893 easdem
1450 1814 1762 1918 comparationes
1808 1814 1865 1888 in··

199 1965 201 1967 '
276 1948 374 2026 stitui
418 1934 553 2046 posse,
578 1942 624 2020 ‘si
665 1954 745 2043 pro
780 1944 812 2019 Z
854 1942 1067 2045 accipiatur
1103 1942 1252 2031 t’unctio
1284 1968 1536 2046 quaecunque
1569 1942 1767 2019 rationalis
1803 1940 1862 2039 ip-

276 2077 353 2155 sius
384 2102 411 2153 z
428 2101 475 2172 z,
507 2060 616 2173 quae
641 2070 787 2149 scilicet
817 2072 962 2149 habeat
993 2071 1210 2172 hujusmodi
1243 2072 1409 2150 formam
1475 2135 1480 2139 ,

464 2185 1184 2294 r÷caa÷ua⁴÷1a·÷va·-Q

466 2289 1206 2369 8÷tbzz÷bz⁴÷3z⁸÷8v÷etcst

271 2411 336 2487 ubi
384 2407 538 2508 quidem
586 2407 680 2483 boc
713 2405 920 2482 discrimen
969 2405 1158 2499 occurrit,
1206 2407 1310 2505 quod
1357 2407 1577 2487 differentia
1623 2407 1723 2485 inter
1755 2430 1858 2485 sunr-

270 2561 375 2614 mam
416 2537 613 2636 duarum·
640 2533 858 2635 hujusmodi
906 2513 1161 2611 formularum
1213 2545 1253 2611 et
1301 2535 1455 2612 tertiam
1504 2537 1709 2614 formulam
1760 2537 1860 2637 ejus·

269 2665 358 2741 dem
403 2661 555 2765 generis
594 2648 862 2753 inveniendam
894 2684 975 2737 non
999 2660 1172 2762 ,amplius
1206 2661 1256 2737 sit
1287 2665 1479 2761 quantitas
1514 2664 1759 2766 algebraica,
1793 2686 1861 2738 ve-

185 2819 210 2888 st
269 2803 486 2868 rumtamen
514 2813 590 2891 per
621 2787 874 2891 logarithmos
908 2809 948 2865 et
982 2811 1098 2866 arcus
1131 2787 1341 2867 circulares
1376 2815 1532 2892 semper
1567 2793 1737 2869 exbiberi
1766 2813 1862 2890 pos·

268 2919 340 3013 sit;
398 2916 458 2994 'ita
496 2925 539 2992 ut
578 2936 682 2992 nune
716 2914 788 3007 ista
820 2914 1066 3017 investigatio
1104 2915 1237 3026 multo,
1265 2916 1379 2995 latius
1398 2934 1401 2937 ’
1419 2930 1571 3020 pateat,
1614 2944 1729 3016 quam
1771 2941 1859 2994 earn

268 3047 394 3123 adhuc
427 3069 533 3123 eram
567 3047 804 3145 complexus.
861 3046 985 3142 Atque
1018 3043 1108 3120 hine
1140 3042 1329 3138 fortasse,
1363 3045 1396 3123 si
1430 3070 1565 3125 omnes
1599 3046 1862 3146 operationeS,

268 3198 367 3272 quae
414 3175 465 3250 ad
511 3176 615 3252 hune
654 3194 821 3271 scopum
860 3170 1142 3265 manuducunt,
1187 3171 1318 3250 debita
1360 3176 1572 3252 attentione
1614 3175 1860 3273 perpendan·
1986 3160 1993 3168 ’

268 3313 354 3395 tur,
393 3296 606 3377 faciliorem
640 3298 745 3374 viam
777 3296 961 3397 apperire
993 3308 1177 3396 poterunt
1210 3298 1271 3373 ad'
1294 3301 1515 3377 methodum
1549 3299 1736 3376 directam
1768 3324 1858 3399 per·

267 3427 467 3522 veniendi,
501 3437 700 3525 totumque
732 3426 807 3502 boc
834 3436 1108 3528 argumentum
1139 3423 1305 3527 maxime
1338 3428 1558 3511 abstrusum
1590 3425 1751 3509 feliciori
1773 3450 1860 3504 suc·

207 3558 214 3562 “
267 3579 397 3636 cessu·
412 3551 694 3658 perscrutandi.
754 3650 757 3655 ῃ
856 3629 858 3633 .

237 3706 239 3709 -
485 3689 492 3722 t

351 3899 355 3904 ’
402 3860 405 3869 Δ
463 3880 494 3994 i·
542 3891 582 3962 3·
648 3881 739 3978 QUO
783 3891 912 3964 autem
963 3863 1241 3967 haecomnia
1291 3886 1435 3967 clarius
1485 3883 1655 3990 perspici
1682 3895 1860 3982 queant,

265 4015 424 4091 denotet
450 4013 527 4093 istc
559 4014 762 4104 character
793 4016 856 4094 H:
885 4039 914 4093 z
947 4036 1034 4089 eam
1069 4004 1320 4113 quantitatem
1352 4019 1715 4108 transcendentem,
1759 4034 1859 4110 quae

265 4146 336 4238 ex'
360 4160 615 4264 integratione
662 4162 852 4250 formulae
900 4160 1127 4266 propositae
1167 4167 1209 4264 s
1232 4174 1259 4282 ’γ
1274 4221 1304 4296 ,1
1319 4134 1626 4298 4324OE
1667 4157 1859 4256 nascitur,

266 4307 357 4386 dum
403 4309 593 4419 integrale
641 4310 696 4393 ita
746 4313 836 4418 capi
883 4309 1110 4406 assumitur,
1160 4330 1203 4390 ut
1252 4325 1462 4392 evanescat
1508 4311 1634 4413 posito
1669 4335 1695 4386 z
1711 4327 1786 4385 .:
1810 4321 1858 4403 03

263 4437 365 4513 unde
398 4436 528 4513 statim
563 4427 806 4544 manifestum
840 4454 920 4537 est,
954 4442 1040 4518 fore
1073 4464 1236 4544 quoque,
1256 4443 1300 4518 Π
1319 4452 1374 4517 :0
1395 4462 1458 4520 :3
1481 4452 1520 4519 ο.
1585 4438 1737 4515 Deiude
1770 4461 1856 4513 cum

264 4562 296 4637 Z
328 4562 501 4639 involvat
541 4575 688 4641 tantum
729 4593 847 4668 pares
884 4578 1097 4670 potestates
1137 4559 1257 4667 ipsius
1305 4594 1351 4662 z,
1401 4566 1615 4672 cujusmodi
1663 4565 1778 4663 etiam
1818 4565 1856 4640 in

263 4690 434 4770 formula
471 4675 641 4770 rediculi
691 4691 840 4788 insunt,
885 4696 1043 4773 evidens
1092 4709 1171 4790 est,
1222 4692 1254 4772 si
1300 4698 1387 4774 loco
1429 4721 1457 4788 z
1490 4693 1682 4773 scribatur
1721 4734 1773 4750 -
1810 4715 1856 4782 a,
1950 4763 1952 4766 ,
