4230 5670
266 541 341 612 cos
805 532 1197 635 surrnnmnuuun
1251 534 1312 608 m.

455 750 487 843 §-
545 752 604 823 36.
687 749 752 822 His
818 752 910 822 circa
979 747 1162 823 formulam
1232 749 1437 841 integralem
1504 740 1663 850 §Zeu
1734 747 1860 821 obser·

262 875 373 967 vatis,
453 874 650 968 videamus,
732 896 914 966 quamnam
967 874 1081 947 ideam
1134 873 1233 948 nobis
1287 874 1330 948 de
1383 875 1499 948 curvis
1551 874 1622 947 illis
1684 872 1861 964 proximis

263 1023 315 1093 cp
367 995 538 1072 formare·
571 999 766 1073 debeamus.
839 1002 892 1073 Ac
944 1000 1055 1091 primo
1108 999 1246 1091 quidem
1298 1005 1415 1091 patet,
1479 999 1541 1072 has
1594 1019 1716 1071 curvas
1772 1018 1860 1071 con·

261 1125 359 1198 tinuo
404 1124 551 1216 quodam
596 1130 712 1198 tractu
757 1125 878 1198 ductas
921 1145 997 1198 csse
1038 1124 1184 1217 debere,
1238 1123 1289 1197 ita
1328 1130 1369 1197 ut
1407 1125 1444 1196 in
1487 1123 1530 1195 iis
1573 1144 1742 1215 nusquam
1791 1143 1859 1196 an-

261 1248 335 1340 guli
397 1248 500 1323 aliive
563 1249 672 1322 snltas
733 1249 1055 1341 deprehendantnr;
1135 1249 1200 1322 hoc
1254 1250 1325 1323 solo
1383 1254 1522 1341 notato,
1602 1248 1742 1340 perinde
1800 1253 1863 1321 est

263 1374 334 1446 sire
378 1373 468 1446 istae
513 1394 640 1448 curvae
689 1376 767 1466 lege
821 1376 979 1467 quopiam
1035 1375 1272 1447 continuitatis
1324 1375 1380 1447 vel
1434 1374 1633 1464 aequatione
1686 1374 1860 1463 quapiam

265 1499 531 1591 contineantur,
595 1500 667 1571 sive
711 1500 782 1571 sint
833 1498 919 1572 adeo
963 1499 1220 1592 discontinuae,
1276 1499 1374 1591 quasi
1417 1498 1528 1571 libero
1580 1517 1701 1570 manus
1753 1503 1858 1571 motu

262 1622 397 1698 ductae.

452 1958 485 2055 ἕ.
543 1962 603 2032 37.
698 1958 904 2052 Hujusmodi
975 1960 1088 2033 lineae
1160 1980 1284 2033 cumae
1355 1959 1625 2033 commodissime
1695 1968 1858 2053 sequenti

264 2085 364 2158 modo
427 2083 595 2157 formatae
658 2085 763 2155 menti
825 2086 1079 2174 repraesentari
1141 2090 1295 2174 possunt.
1374 2083 1534 2157 Ducatnr-
1592 2086 1725 2159 scilicet
1788 2109 1856 2178 pro

262 2208 376 2282 lubitu
430 2208 521 2281 linea
575 2228 682 2281 curva
735 2230 958 2300 quaecunque
1011 2208 1085 2281 BN
1138 2210 1251 2281 eidem
1304 2207 1474 2282 abscissae
1527 2209 1591 2282 ΑΡ
1645 2210 1853 2301 imminens,

261 2354 303 2407 ac
356 2333 469 2406 ductis
524 2334 569 2405 ad
622 2334 759 2424 singula
811 2333 884 2405 axis
937 2337 1066 2424 puncta
1118 2334 1152 2406 X
1204 2333 1388 2423 applicatis
1439 2331 1551 2405 XYV
1605 2334 1743 2425 singula
1796 2337 1854 2407 in·

259 2457 410 2531 terualla
453 2457 519 2530 YV
564 2458 601 2529 in
646 2459 783 2530 ratione
827 2456 917 2529 liniti
961 2458 1006 2530 ad
1049 2455 1183 2530 infinite
1227 2478 1375 2548 parvum
1419 2462 1580 2531 secentur
1623 2458 1660 2529 in
1703 2480 1745 2551 o,
1799 2461 1855 2533 ita

261 2587 302 2656 ut
346 2582 400 2654 Yo
444 2582 492 2655 sit
545 2583 641 2674 qnasi
695 2602 777 2674 pars
830 2581 1050 2655 infinitesima
1103 2581 1278 2655 intervalli
1321 2581 1401 2656 YV.
1481 2581 1557 2655 Hoc
1604 2582 1695 2655 enim
1748 2584 1853 2657 modo

264 2727 371 2780 curva
424 2730 493 2800 cop
546 2706 760 2780 obtinebitur
813 2726 834 2778 a
887 2727 995 2780 curva
1046 2707 1223 2797 proposita
1275 2705 1347 2779 AM
1400 2706 1438 2777 in
1491 2705 1649 2780 omnibus
1711 2709 1853 2798 punctis

263 2829 397 2904 infinite
462 2852 583 2923 parurn
638 2831 778 2926 dissita,
861 2831 996 2924 qualem
1050 2832 1094 2903 ad
1155 2831 1353 2903 institutum
1415 2837 1569 2904 nostrum
1630 2832 1851 2922 requirimus.

262 2957 451 3029 Praeterea
495 2962 610 3028 tamen
656 2957 842 3028 notandum
884 2962 956 3046 est,
1012 2957 1047 3028 in
1089 2976 1195 3029 curva
1239 2956 1299 3028 illa
1343 2955 1530 3029 arbitraria
1573 2955 1637 3028 BN
1681 2976 1850 3046 nusquam

263 3087 460 3172 tangentem
523 3081 566 3152 ad
620 3101 719 3152 anem
772 3080 842 3152 ΑΡ
896 3081 1082 3153 normalem
1139 3101 1213 3153 esse
1268 3080 1413 3172 debere,
1494 3081 1573 3171 qnia
1625 3080 1690 3152 boc
1748 3081 1851 3154 modo

264 3207 388 3280 divisio
451 3205 589 3277 illorum
651 3206 910 3278 intervallorum
965 3205 1177 3277 turbaretur.
1257 3205 1374 3296 Atque
1427 3226 1517 3277 nnnc
1579 3204 1718 3277 evidens
1772 3210 1847 3299 est,

263 3352 330 3406 non
385 3331 495 3403 solum
549 3329 731 3402 intervalla
784 3331 838 3402 Yo
891 3350 965 3403 esse
1019 3328 1151 3402 infinite
1204 3350 1333 3422 parva,
1394 3328 1454 3400 sed
1507 3330 1612 3400 etiam
1665 3334 1849 3420 tangentes

263 3458 298 3528 in
324 3456 461 3549 punctis
489 3455 521 3527 Y
550 3462 586 3527 et
611 3478 633 3527 o
661 3455 792 3528 infinite
819 3476 943 3546 parum
971 3477 991 3527 a
1019 3454 1250 3546 parallelismo
1278 3451 1436 3526 deficere.

503 3914 778 4005 Explicatio
822 3916 977 4005 partis
1021 3917 1194 4005 primae
1239 3917 1283 3987 in
1327 3916 1606 3989 variatione.

448 4163 480 4254 ἓ.
539 4165 598 4235 38.
682 4161 747 4235 His
818 4164 910 4237 circa
980 4166 1088 4256 ipsam
1161 4166 1369 4256 quaestionis
1444 4163 1713 4255 propositionem
1785 4183 1849 4234 an-

264 4286 408 4376 notatis,
508 4287 779 4376 contemplemur
850 4309 940 4359 nunc
1020 4290 1213 4361 accuratius
1293 4310 1426 4381 quoque
1506 4287 1706 4359 solutionem
1788 4308 1847 4358 su-

263 4428 326 4497 pra
381 4409 573 4499 inventam,
651 4412 794 4503 ejusque
849 4413 1001 4504 singulas
1054 4420 1190 4505 partes,
1272 4420 1311 4484 ut
1365 4413 1447 4502 quid
1500 4410 1674 4503 quaelibet
1726 4431 1847 4481 earnm

263 4532 385 4602 innuat
447 4538 482 4604 et
544 4536 587 4607 ad
649 4558 830 4625 quemnam
892 4559 990 4609 nsum
1058 4539 1105 4609 sit
1171 4536 1410 4610 transferenda
1476 4532 1654 4626 perspicue
1717 4534 1847 4605 intelli-

262 4675 404 4744 gamus3
481 4658 683 4731 solutionem
745 4667 861 4733 antem
923 4663 958 4733 in
1023 4663 1054 4754 ἓ.
1115 4666 1173 4735 14.
1230 4663 1342 4734 datam
1406 4661 1462 4733 hic
1524 4658 1844 4751 contemplabimur.

262 4778 385 4850 Statim
453 4782 560 4870 igitur
626 4785 881 4857 consideremus
948 4788 1093 4877 primam
1161 4787 1359 4859 variationis
1422 4784 1470 4857 ibi
1531 4786 1691 4857 inventae
1760 4803 1844 4874 par-
