4230 5670
756 464 827 545 nn
861 455 1064 573 rona
1134 457 1243 544 car.
1278 461 1385 546 un.
1760 465 1849 552 aot

483 1501 577 1610 §.1⁷
586 1504 626 1579 6.
668 1498 795 1578 ¹Hinc
823 1502 912 1611 Jam
956 1501 1055 1581 ordo
1096 1499 1382 1606 progressionis
1412 1513 1493 1581 tarn
1524 1504 1630 1583 clare
1662 1492 1853 1606 perspiciss⁴

273 1650 355 1728 tur,
383 1643 425 1711 ut
457 1627 693 1733 superfluum
724 1628 827 1706 foret
857 1632 927 1708 has
960 1628 1202 1744 evolutiones
1233 1628 1391 1706 ulterius
1424 1632 1628 1732 prosequi,
1679 1636 1851 1731 quando·

272 1749 431 1863 quidem
458 1762 509 1840 ob
541 1758 735 1861 ingentem
769 1755 1047 1866 multitudinem
1078 1755 1329 1853 relationum,
1375 1782 1474 1858 quae
1525 1760 1564 1836 in
1607 1761 1852 1857 sequentibus

273 1889 458 1968 elassibus
507 1895 789 1985 occurrerent,
846 1883 958 1964 nimis
1007 1885 1208 1964 molestum
1264 1885 1366 1962 foret
1417 1907 1552 1965 omnes
1607 1911 1851 1986 percurrere.

183 2099 193 2117 ‚
274 2017 376 2115 Quin
410 2015 526 2094 etiam
557 2028 736 2091 nostrum
768 2010 983 2092 institutum
1015 2012 1081 2090 vix
1113 2012 1340 2113 permittere
1368 2011 1540 2107 videtur,
1573 2026 1615 2090 ut
1646 2014 1685 2089 in
1719 2027 1852 2090 nostra

272 2145 438 2223 formula
471 2139 644 2245 generali
677 2151 934 2243 exponentem
969 2140 1131 2219 nultra
1165 2164 1241 2227 sea.
1265 2141 1328 2219 vel
1350 2165 1523 2248 septem,
1547 2166 1770 2244 augeamus,
1819 2141 1852 2220 si

274 2275 427 2376 quidem
461 2292 598 2351 omnes
629 2270 840 2347 relationes
869 2270 920 2347 ad
954 2288 1042 2347 aum
1074 2267 1310 2367 pertinentes
1342 2262 1571 2348 enumerare
1605 2269 1849 2353 voluerimus.

278 2402 340 2490 Sin
374 2394 703 2497 autemjanimus¹
721 2397 770 2474 eit
801 2395 949 2495 aliquas
981 2407 1130 2473 tantum
1161 2398 1397 2508 expendere,
1430 2398 1576 2476 classes
1608 2397 1746 2472 allatae
1782 2402 1852 2472 ab*

274 2527 374 2602 unde
408 2522 610 2620 sufficiunt,
648 2523 738 2639 dum
768 2522 923 2648 termini
954 2522 1108 2641 priores
1141 2524 1324 2625 cujusque
1345 2523 1492 2620 ,classis
1526 2524 1659 2624 quovis
1689 2549 1850 2600 numero

276 2656 528 2756 augebuntur.
1360 2659 1363 2663 ’

465 2977 645 3127 [77.Ι
689 2973 773 3122 His
798 3007 881 3121 jam
914 2975 1100 3123 classibus
1136 2940 1337 3110 expeditis,
1388 2963 1593 3085 formulam
1626 2973 1852 3108 integralem

748 3139 819 3197 ‘-1
941 3135 996 3143 ..
1695 3179 1697 3184 .

274 3225 515 3327 propositam
618 3146 989 3283 Μ-
1028 3229 1237 3307 secundum
1271 3229 1444 3308 diversos
1470 3230 1624 3305 valores
1656 3253 1852 3327 exponen-

615 3287 992 3410 is(1·-·‘⁶'')''·t

277 3447 323 3523 tls
374 3473 401 3522 n
450 3456 751 3556 perarantem,
796 3446 887 3522 dum
937 3445 1083 3526 scilicet
1130 3448 1349 3542 successive
1377 3463 1638 3526 ,assumemus
1684 3461 1852 3540 12:23,
1946 3426 1949 3427 ⁷

278 3575 436 3668 nzd,
470 3599 497 3648 n
516 3593 577 3650 z
596 3578 635 3666 5,
670 3583 745 3648 etc.
776 3578 817 3647 et
846 3561 921 3672 pro
956 3567 1127 3671 quolibet
1160 3576 1296 3653 ordine
1328 3597 1461 3652 omnes
1491 3553 1720 3666 relationes,
1753 3596 1852 3670 quae

276 3703 316 3778 in
349 3727 395 3779 eo
429 3719 636 3777 occurrere
672 3707 846 3797 possunt,
880 3699 1154 3801 expendamus.
1219 3700 1388 3781 Evidens
1423 3713 1548 3779 autem
1583 3714 1662 3795 est,
1696 3698 1855 3798 quicun-

277 3852 357 3928 que
382 3852 563 3908 numerus
595 3824 803 3931 exponenti
835 3851 865 3903 n
896 3825 1104 3924 tributam,
1145 3830 1330 3912 formulas
1363 3830 1550 3913 ,omnium
1587 3829 1765 3908 classium
1799 3830 1881 3942 ing

276 3956 472 4049 ferlorum,
504 3956 543 4034 In
575 3956 710 4058 quibus
742 3952 889 4034 scilicet
919 3957 1102 4035 terminus
1135 3958 1283 4058 a-l-lr
1313 3985 1394 4042 non
1423 3972 1583 4062 superet
1618 3983 1667 4053 n,
1689 3958 1728 4036 in
1745 3981 1855 4034 usum

277 4085 410 4161 vocari
431 4108 570 4187 posse.
634 4082 804 4185 Ex'quo
835 4082 1082 4189 intelligitur,
1115 4062 1295 4168 siluerit
1326 4096 1478 4170 72:2¹3
1513 4088 1666 4166 unicam
1698 4085 1855 4161 relatio·

278 4234 368 4288 nem
402 4213 526 4291 locum
558 4212 755 4308 invenire;
804 4212 934 4298 statim
966 4214 1095 4295 a'utem
1135 4239 1183 4295 ae
1217 4243 1245 4296 n
1279 4216 1405 4321 magis
1445 4230 1628 4319 augetur,
1674 4235 1854 4289 numerus

157 4418 158 4421 γ
280 4339 444 4417 omnium
477 4339 707 4421 relationum
739 4366 832 4421 mox
862 4342 917 4422 ita
948 4340 1147 4441 increscit,
1180 4369 1224 4423 ut
1256 4345 1368 4423 nimis
1388 4347 1603 4443 ,molestum
1637 4340 1740 4417 foret
1771 4365 1855 4420 om·

275 4491 348 4545 nes
368 4452 599 4547 recensere.
680 4470 917 4574 Hootguur
950 4455 1128 4550 diversos
1162 4468 1329 4565 ordines,
1351 4496 1412 4547 ex
1443 4459 1662 4570 exponente
1697 4494 1725 4543 η
1758 4492 1854 4548 eon·
1915 4463 1920 4473 ’

279 4594 502 4711 stituendos,
533 4620 557 4671 a
590 4597 714 4694 primo
748 4596 986 4700 incipiendo,
1020 4599 1154 4679 ordine
1187 4599 1440 4679 involvamus.

1442 4749 1562 4831 ³9⁴·
