4230 5670
306 452 393 521 444
834 441 1254 520 SUPPLEMENTUM
1288 441 1354 520 v1.

303 637 468 733 diamur,
503 637 603 716 effici
638 636 829 739 oportebit
860 651 903 714 ut
935 640 1004 714 fiat

497 770 1387 898 aissdoedats(¹÷rn÷vn)2
1405 769 1763 891 lsszaaay‚

302 942 419 1021 itaut
450 955 595 1064 totum
607 943 805 1046 negotium
839 945 889 1020 ad
922 941 1157 1020 variationes
1188 942 1407 1045 hujusmodi
1439 944 1686 1024 formularum
1717 947 1896 1051 integra·

302 1070 392 1148 liunt
425 1072 708 1175 duplicaturum
740 1072 981 1177 indagandas
1013 1071 1233 1149 reducatur.

496 1402 527 1514 ξ.
564 1408 638 1485 46.
668 1406 902 1501 Quoniam
944 1423 1109 1503 utraque
1148 1401 1312 1479 formula
1353 1401 1546 1506 duplicem
1596 1403 1897 1506 integrationem

242 1639 244 1643 Α
303 1532 438 1635 exigit,
478 1535 512 1610 si
551 1535 590 1611 in
625 1534 744 1633 priori
776 1560 809 1612 x
841 1556 917 1633 pro
950 1547 1153 1667 constante
1186 1532 1394 1628 habeatur,
1443 1543 1579 1610 nostra
1621 1532 1804 1634 aequatio
1838 1535 1894 1610 ita

301 1661 655 1787 repraesentabitur

497 1761 1795 1922 atsiaefoavsn÷aa÷rv)-tfaxszra

302 1958 446 2037 Verum
480 1961 541 2038 hic
576 1964 701 2062 probe
736 1959 1119 2037 animadvertendum
1152 1972 1230 2057 est,
1264 1975 1470 2059 postquam
1502 1942 1703 2062 integralis
1762 1992 1775 2012 κ

493 2096 1364 2225 saav<1÷pn÷vnetszoa
1480 2166 1482 2169 -

301 2258 441 2335 fuerint
489 2259 664 2357 inventa,
713 2273 795 2337 tum
844 2259 1072 2336 variabilem
1120 2279 1151 2358 y
1199 2284 1277 2337 non
1327 2258 1491 2361 amplius
1538 2258 1775 2337 indefinitam
1825 2285 1895 2339 seu

299 2389 352 2462 ab
397 2411 433 2461 a:
479 2413 556 2465 non
601 2389 837 2498 pendentem
874 2386 1059 2485 relinqui,
1110 2386 1202 2486 quin
1243 2380 1370 2489 potitis
1402 2411 1477 2489 pro
1521 2412 1551 2486 y
1600 2399 1750 2464 certam
1784 2390 1894 2467 func·

301 2514 442 2591 tionem
489 2515 607 2616 ipsius
657 2541 705 2610 x,
757 2541 873 2614 qnam
921 2517 1045 2618 figura
1097 2516 1277 2617 corporis
1321 2515 1458 2619 erigit,
1507 2513 1685 2592 substitui
1735 2538 1894 2616 oporte·

299 2667 362 2735 re,
411 2643 463 2720 ita
513 2659 555 2719 ut
600 2644 639 2720 in
689 2645 860 2721 secunda
909 2642 1169 2744 integratione
1207 2643 1400 2741 quantitas
1439 2665 1469 2742 y
1508 2666 1588 2718 non
1625 2656 1669 2720 ut
1710 2659 1892 2722 constans

302 2793 368 2845 seu
408 2774 459 2847 ab
499 2796 532 2845 x
570 2796 646 2847 non
685 2773 859 2873 pendens
901 2769 1072 2871 spectari
1112 2760 1242 2867 queat.
1326 2769 1427 2867 Quia
1468 2781 1597 2847 autem
1637 2773 1688 2849 ob
1728 2772 1892 2872 figuram

301 2899 475 2998 corporis
518 2899 735 2974 etiamnunc
777 2897 1014 2998 incognitam
1056 2897 1129 2975 ista
1162 2897 1307 2976 sanctio
1340 2922 1418 2973 non
1449 2910 1621 2993 constat,
1668 2900 1890 2997 neutiquam

301 3038 486 3124 apparet,
535 3023 729 3123 quomodo
781 3024 1015 3102 variationes
1047 3023 1256 3102 istiusmodi
1306 3026 1557 3103 formularum
1606 3008 1888 3127 duplicatorum

294 3152 546 3229 determinari
579 3154 760 3231 debeant.
836 3194 838 3198 Α

412 3545 418 3549 ,
492 3459 521 3568 i.
571 3470 643 3545 47.
709 3464 822 3564 Ipsa
850 3487 944 3541 vero
970 3522 972 3529 J
996 3465 1107 3570 hujus
1159 3462 1392 3565 quaestionis
1440 3476 1579 3540 natura
1631 3460 1725 3541 alias
1775 3486 1890 3563 prae·

295 3601 403 3666 terea
453 3590 793 3669 determinationes
844 3592 1044 3693 requirere
1093 3593 1292 3689 videtur,·
1324 3617 1485 3692 quarum
1542 3590 1642 3667 ratio
1696 3593 1734 3667 in
1784 3593 1889 3667 solu·

150 3700 196 3767 ¹³⁸
223 3707 264 3761 ¹²·
295 3718 395 3793 tione
437 3719 569 3794 haberi
612 3722 765 3797 debeat.
830 3719 932 3799 Nam
966 3721 1287 3821 quemadmodum
1321 3721 1353 3797 si
1386 3744 1506 3797 curva
1541 3718 1755 3816 quaeritur,
1789 3744 1889 3815 quae

293 3844 395 3919 inter
437 3870 571 3923 omnes
614 3848 707 3924 alias
737 3849 910 3925 'eandem
953 3873 1085 3924 aream
1125 3849 1362 3928 includentes
1402 3846 1628 3923 brevissimo
1664 3873 1758 3925 areu
1791 3870 1889 3922 con·

296 3971 482 4063 tineatur‚
518 3997 597 4047 non
630 3977 756 4049 solum
788 3975 894 4052 basis
929 3975 1007 4049 ΑΡ
1040 3978 1110 4054 sed
1144 3977 1258 4053 etiam
1291 3979 1365 4052 duo
1399 3989 1543 4074 puncta
1578 3975 1685 4051 Bet
1716 3975 1781 4065 M,
1817 3999 1889 4075 per

296 4125 393 4195 quae
435 4124 554 4175 curva
594 4111 787 4197 transeat,
834 4102 1048 4202 praescribi
1090 4104 1234 4199 solent,
1282 4103 1335 4180 ita
1375 4102 1504 4178 etiam.
1536 4102 1580 4179 in
1619 4114 1755 4179 nostro
1795 4127 1888 4203 pro-

297 4229 462 4302 blemate
496 4252 575 4303 non
618 4229 735 4305 modo
769 4228 895 4324 basis,
929 4229 988 4305 eui
1023 4254 1167 4330 corpus
1200 4245 1382 4331 tanquam
1416 4228 1595 4305 colum-na
1630 4228 1778 4306 insistat
1812 4254 1886 4331 pro

299 4354 454 4456 cognita
496 4357 638 4433 assumi
680 4359 823 4435 debere
863 4357 1041 4447 videtur,v
1073 4360 1144 4435 sed
1186 4359 1301 4445 etiam
1335 4357 1408 4458 ipsi
1441 4357 1601 4432 extremi
1635 4357 1786 4433 termini
1823 4383 1884 4434 su·

229 4473 233 4478 ⁴
297 4481 469 4572 perficiei
509 4486 718 4581 quaesitae.
792 4485 941 4582 Quodsi
982 4483 1083 4561 enim
1125 4488 1199 4562 hae
1241 4460 1415 4567 resnou
1448 4485 1767 4584 praescribantur
1801 4509 1904 4589 ont-¹

299 4627 386 4697 nes,
437 4632 488 4684 ne
536 4611 745 4708 quaestioni
791 4613 945 4714 quidem
986 4629 1116 4692 certae
1157 4614 1265 4692 locus
1308 4611 1555 4712 relinquitur:
1605 4635 1697 4689 narn
1736 4612 1885 4690 etiamsi
1942 4718 1944 4721 v
