4230 5670
817 475 883 548 AD
911 474 1024 550 TOM.
1053 476 1081 548 Ι.
1136 473 1239 550 GAP.
1267 478 1330 551 HI.

280 711 430 764 versum.
486 690 743 782 consequenter
769 690 874 782 hujus
901 690 1003 763 seriei

496 916 514 986 ¹
539 937 588 984 ‘''
607 898 707 1025 ss
726 937 774 984 '¹’
795 881 1068 1041 strip-⁹532]
1086 938 1135 983 ⁴·
1154 881 1523 1043 (mssagfflgffilss
1604 938 1651 986 ⁴·
1671 923 1739 990 em·

281 1179 412 1233 somma
465 1165 518 1233 ost
570 1144 690 1287 ᾖ,
769 1183 856 1253 quae
919 1164 1101 1236 summatis
1166 1169 1219 1236 est
1280 1185 1320 1237 eo
1382 1166 1494 1255 magis
1554 1169 1677 1237 notatu
1738 1164 1862 1256 digna,

281 1312 372 1404 quod
398 1312 456 1385 rix
483 1312 554 1384 ulla
581 1313 638 1385 ria
664 1317 782 1405 patet,
820 1313 897 1407 ejus
923 1315 1106 1387 vamtatem
1130 1314 1372 1406 investigandi.

467 1595 499 1689 ᾗ.
542 1599 601 1669 15.
673 1593 798 1669 Statim
842 1603 957 1669 nutem
1001 1602 1165 1686 apparet,
1219 1597 1307 1670 hanc
1352 1617 1518 1678 summam
1563 1596 1752 1669 subsistere
1796 1617 1865 1669 non

281 1741 402 1812 posse,
458 1721 526 1792 nisi
578 1727 650 1793 tam
701 1744 726 1792 n
777 1741 879 1811 quam
933 1743 967 1790 m
996 1745 1100 1813 -μ
1152 1719 1259 1792 luerit
1311 1742 1474 1794 uumerus
1527 1722 1706 1812 positivus.
1778 1721 1865 1794 (lum

281 1847 368 1918 enim
441 1843 591 1918 formula
659 1851 776 1917 nostra
843 1846 1022 1936 integralis
1083 1866 1165 1918 casu
1227 1843 1386 1923 A=0
1448 1847 1495 1919 sit
1553 1832 1779 1948 Imm-ow
1797 1838 1864 1937 oc,

281 1990 383 2060 qnam
427 1969 470 2042 ab
515 1991 539 2040 a
568 2000 614 2033 =
645 1973 668 2041 0
712 1969 866 2042 inchoari
912 1973 1067 2059 oportet,
1123 1969 1262 2041 evidens
1307 1974 1360 2042 est
1405 1971 1469 2043 hoc
1514 1968 1589 2041 fieri
1635 1990 1702 2041 uon
1743 1989 1862 2061 posse,

279 2095 344 2165 nisi
404 2114 440 2165 m
466 2118 572 2186 -μ
634 2090 740 2165 luerit
792 2114 956 2166 numerus
1009 2094 1197 2184 positivus3
1277 2100 1457 2185 praeterea
1512 2095 1615 2166 etiam
1679 2095 1865 2167 notandum

279 2224 353 2311 est,
407 2224 633 2310 exponentem
678 2240 704 2289 n
747 2219 937 2290 necessario
991 2218 1175 2309 positivum
1230 2238 1304 2316 esse
1353 2218 1489 2291 dobere.
1564 2219 1651 2292 Oum
1695 2220 1787 2290 enim
1830 2220 1866 2292 in

279 2342 421 2434 Aualysi
475 2363 579 2446 supra
633 2343 788 2434 exposita
841 2344 906 2414 hoc
959 2342 1129 2433 integrale
1174 2347 1335 2414 occurrat
1375 2332 1527 2445 [nm-¹
1547 2336 1593 2420 (ln
1610 2335 1665 2436 (o¹⁸
1691 2383 1742 2395 -
1770 2332 1861 2436 c'¹)⁰,

279 2457 498 2540 manifestum
553 2473 625 2559 est,
698 2468 727 2539 si
772 2488 797 2537 o
842 2473 933 2538 esset
986 2487 1149 2538 uumerus
1203 2468 1403 2558 negotiana,
1476 2469 1743 2558 integrationem
1798 2487 1865 2538 non

278 2589 328 2663 ita
381 2591 529 2663 instituti
583 2610 704 2683 posse,
759 2595 798 2661 ut
851 2611 932 2662 casu
985 2612 1010 2662 o
1038 2594 1139 2662 =0
1194 2597 1389 2663 evanescat.
1462 2592 1527 2664 His
1582 2592 1709 2663 notatis
1763 2591 1864 2663 istam

278 2715 403 2787 scriem
456 2715 653 2788 accuratius
707 2735 782 2786 sum
837 2715 1131 2805 contemplaturus
1185 2721 1221 2785 et
1265 2715 1427 2805 quoniam
1483 2716 1558 2808 ejus
1612 2714 1743 2786 indoles
1797 2736 1865 2787 non

278 2859 399 2930 parum
453 2838 654 2911 abscondita
707 2838 866 2929 videtur,
920 2837 995 2930 ejus
1043 2839 1226 2911 veutatcm
1281 2838 1410 2929 duplici
1468 2839 1567 2911 modo
1621 2859 1695 2911 sum
1751 2845 1865 2912 osten-

279 2984 392 3036 surus.
473 2963 591 3035 Primo
650 2963 782 3034 scilicet
845 2963 1043 3055 ostendam,
1125 2982 1290 3033 summam
1353 2962 1559 3054 assignatam
1623 2981 1745 3034 revera
1806 2983 1865 3035 ac-

279 3089 378 3179 quori
441 3107 592 3158 summas
654 3087 761 3158 totius
813 3086 1080 3177 progressionis3
1159 3085 1281 3158 deinde
1334 3085 1490 3176 analysiu
1545 3107 1685 3177 prorsus
1748 3086 1864 3177 singu·

279 3211 387 3284 larem
440 3211 637 3303 apperiam,
719 3230 807 3301 quoe
859 3229 926 3281 non
980 3211 1091 3282 solum
1145 3209 1273 3282 directo
1326 3210 1370 3282 ad
1424 3210 1532 3298 ipsam
1590 3212 1679 3283 hanc
1742 3210 1865 3283 seriem

183 3344 186 3349 '
279 3335 463 3426 perducet,
500 3334 560 3407 scd
587 3335 693 3406 etiam
720 3333 795 3425 ejus
822 3353 989 3405 summam
1018 3332 1197 3407 indicabit.

491 3670 941 3745 Demonstratio
994 3671 1168 3764 hujus
1221 3673 1651 3745 summationis:

464 4166 496 4259 ἓ.
529 4170 588 4240 16.
653 4166 720 4239 Hic
765 4168 898 4241 scilicet
942 4170 1140 4262 ostendam,
1196 4171 1225 4243 si
1271 4190 1388 4243 ornnes
1433 4171 1538 4262 hujus
1582 4168 1683 4241 seriei
1728 4169 1866 4241 termini

280 4336 302 4386 a
353 4336 487 4390 summa
539 4317 679 4390 inventa
731 4303 833 4441 ,ᾖ
884 4321 1073 4394 successive
1127 4320 1395 4414 subtrahantur,
1450 4320 1589 4393 nudem
1634 4316 1756 4392 reveri
1809 4323 1862 4393 ni·

1783 4484 1802 4533 p.

279 4493 330 4567 hil
354 4554 357 4559 .
383 4495 544 4567 relictum
595 4495 649 4568 iri
718 4495 918 4570 Subtracto·
958 4500 1046 4570 enim
1100 4500 1212 4589 primo
1264 4502 1411 4572 termino
1469 4505 1485 4571 1
1544 4505 1700 4571 remanet
1742 4542 1864 4623 H.

279 4669 370 4743 Hinc
449 4673 618 4746 terminus
697 4674 869 4748 secundus
948 4676 1084 4749 ablatus
1164 4677 1335 4768 relinquet
1422 4642 1693 4803 (suffimen
1776 4675 1866 4747 Hinc
