4216 5676
191 584 194 589 Α
262 501 336 573 598
797 493 1190 572 SUPPLEMENTUM
1242 495 1304 569 XI.

259 713 446 786 sectatione
504 710 586 811 illa,
665 728 769 802 quam
831 711 913 783 olim
967 710 1009 782 de
1062 709 1195 782 calculo
1257 708 1490 781 variationum
1553 705 1848 799 conscripseram,

260 846 343 912 tunc
395 838 559 929 temporis
612 842 790 927 praestare
834 858 902 909 nou
947 837 1062 928 potui,
1150 832 1372 908 multitudiue
1416 837 1471 919 tot
1515 835 1747 924 quantitatum
1793 832 1850 904 di·

260 965 352 1037 versi
379 963 517 1057 generis
542 962 741 1038 deterritus.

395 1303 675 1395 Applicatio
720 1300 926 1374 methodi
970 1299 1304 1391 praecedentis
1349 1297 1401 1371 ad
1445 1296 1717 1376 functiones

778 1482 967 1555 duarum
1011 1479 1330 1554 variabilium.

452 1728 486 1821 §-
531 1727 590 1802 17.
674 1726 712 1802 Si
763 1725 934 1801 habeatur
986 1730 1146 1821 aequatio
1199 1749 1425 1821 quaecuuque
1476 1731 1569 1801 inter
1621 1733 1737 1802 ternas
1790 1750 1851 1801 va·

263 1852 404 1927 viabiles
448 1872 492 1946 a,
545 1876 569 1943 p
614 1855 652 1923 et
694 1874 736 1945 a,
789 1873 831 1925 ea
875 1858 1033 1925 naturam
1080 1853 1273 1944 cujuspiam
1321 1849 1517 1943 superficiei
1570 1854 1716 1941 exprimi
1770 1873 1852 1925 cen-

263 1997 398 2069 semus,
470 1975 530 2048 ubi
583 1975 718 2067 quidem
775 1976 873 2048 binas
929 1976 1143 2050 coordinatus
1186 1999 1210 2048 a
1253 1978 1286 2048 ei
1329 2002 1353 2069 p
1397 1978 1433 2048 iu
1485 1977 1589 2067 plano
1644 1976 1853 2049 horizontali

264 2102 427 2176 constitui
472 2100 726 2194 intelligamus,
785 2102 926 2175 tertiam
970 2122 1053 2174 vero
1097 2125 1117 2173 a
1160 2101 1380 2193 verticalem,
1444 2102 1562 2192 sicque
1606 2101 1693 2174 haec
1745 2080 1854 2174 tentia

262 2249 302 2320 a,
368 2232 408 2298 ut
451 2223 583 2299 iunctio
637 2227 788 2318 spectari
842 2233 956 2317 potest
1007 2226 1164 2298 binarum
1209 2248 1233 2298 a
1277 2230 1314 2298 et
1359 2249 1403 2318 p3
1466 2226 1557 2298 uude
1602 2246 1697 2299 more
1750 2226 1852 2299 solito

264 2350 416 2442 duplicia
469 2350 680 2423 incremento
733 2350 980 2423 consideranda
1031 2356 1237 2443 occurrunt,
1310 2355 1480 2441 quatenus
1533 2350 1664 2423 scilicet
1716 2371 1737 2422 a
1791 2370 1854 2422 va·

264 2475 451 2547 riabilitate
506 2475 612 2565 ipsius
655 2498 699 2567 a,
764 2475 818 2547 vel
862 2476 971 2567 ipsius
1013 2500 1037 2566 p
1082 2481 1280 2548 nascuntur.
1350 2475 1442 2547 Illud
1487 2495 1609 2566 nempe
1663 2476 1854 2547 incremen-

264 2603 339 2670 tum
393 2598 501 2689 ipsius
554 2621 574 2669 a
627 2599 718 2690 quod
772 2619 814 2671 ex
867 2601 1058 2673 variatione
1111 2602 1221 2691 ipsius
1264 2621 1288 2672 a
1332 2598 1443 2673 oritur
1497 2600 1561 2672 hac
1614 2597 1763 2671 formula
1809 2591 1857 2676 du

265 2714 358 2877 (g),
413 2749 477 2821 boc
522 2771 604 2822 vero
647 2770 692 2822 ex
735 2752 925 2825 variatione
980 2753 1088 2844 ipsius
1130 2775 1153 2843 p
1197 2752 1382 2824 oriundum
1427 2753 1495 2825 ista
1547 2743 1592 2843 dp
1635 2715 1709 2877 (g)
1765 2749 1856 2823 indi.

267 2901 338 2973 cari
365 2902 464 2974 solet.
935 2998 951 3035 ·

454 3186 485 3278 ἓ.
546 3189 605 3259 18.
688 3186 814 3275 Quodsi
865 3186 938 3278 jam
992 3188 1077 3258 haec
1139 3187 1337 3279 superficies
1400 3187 1603 3277 aequatione
1665 3186 1756 3257 iuter
1807 3207 1855 3275 a,

266 3335 288 3402 p
342 3317 377 3382 et
429 3333 449 3381 a
503 3332 686 3401 expressa,
760 3333 838 3383 cum
893 3313 969 3384 allis
1023 3313 1282 3404 quibuscunque
1336 3311 1560 3402 superficibus
1615 3312 1680 3400 ipsi
1736 3311 1853 3402 proxi-

268 3439 333 3507 mis
387 3438 579 3527 comparari
634 3435 779 3528 debeat,
861 3437 895 3508 id
951 3439 1224 3509 commodissime
1288 3437 1347 3509 fiet
1401 3458 1522 3509 novam
1586 3436 1787 3509 variabilem
1843 3442 1857 3506 t

268 3561 536 3653 introducendo,
592 3561 642 3631 ita
687 3566 726 3630 ut
766 3561 839 3652 jam
884 3584 904 3631 a
949 3562 1134 3651 spectanda
1187 3563 1233 3633 sit
1278 3568 1318 3632 ut
1363 3560 1492 3633 functio
1545 3562 1652 3631 trium
1706 3560 1856 3631 variabi-

268 3685 374 3775 lium,
429 3707 471 3777 a,
525 3709 547 3774 p
584 3690 621 3756 et
657 3690 689 3772 t,
745 3706 833 3775 quae
874 3686 1013 3775 quidem
1054 3692 1165 3757 sumto
1206 3693 1220 3756 t
1250 3717 1296 3748 =
1328 3690 1372 3776 0,
1428 3688 1462 3756 in
1503 3684 1713 3757 functionem
1754 3706 1856 3775 supe·

269 3810 396 3879 riorem
440 3809 561 3899 abeat,
617 3814 654 3880 at
698 3809 778 3880 dum
823 3811 888 3900 ipsi
932 3816 946 3881 t
991 3811 1125 3882 volones
1178 3809 1309 3881 infinite
1364 3811 1462 3899 parvi
1508 3810 1729 3900 tribuuntur,
1784 3831 1859 3881 om-

270 3953 330 4003 nes
383 3931 582 4021 superficies
636 3934 811 4023 proximas
864 3935 1133 4025 complectatur,
1215 3954 1282 4022 quo
1336 3934 1446 4021 posito
1509 3933 1728 4022 perspicuum
1782 3939 1857 4023 est,

269 4047 429 4145 quoniam
484 4057 668 4129 variabiles
712 4079 735 4128 u
780 4063 816 4129 et
857 4082 881 4148 p
925 4079 947 4128 a
992 4078 1080 4154 nova
1125 4064 1138 4127 t
1184 4058 1382 4147 neutiquam
1428 4057 1578 4146 pendent
1625 4076 1743 4127 aarum
1790 4055 1857 4126 dif-

271 4180 466 4252 ferentialia
521 4174 571 4258 da
624 4186 660 4252 et
713 4175 761 4273 dp
815 4183 909 4254 nullo
963 4182 1062 4253 modo
1116 4203 1193 4252 oum
1249 4175 1285 4258 dt
1338 4182 1566 4272 permiscere,
1648 4181 1722 4250 sola
1776 4200 1859 4250 vero

270 4306 467 4375 coordinata
511 4327 529 4374 a
574 4306 720 4396 triplicis
773 4309 910 4397 generis
964 4308 1177 4378 incrementa
1231 4326 1356 4394 capere
1399 4311 1532 4396 potest,
1593 4310 1733 4393 praeter
1778 4303 1860 4376 bina

270 4431 359 4499 enim
411 4429 484 4521 Jam
529 4436 608 4501 ante
654 4438 937 4519 commemorata,
992 4452 1080 4521 quae
1125 4430 1179 4501 vel
1224 4430 1268 4500 ab
1313 4452 1336 4498 a
1381 4428 1435 4499 vel
1484 4428 1526 4499 ab
1570 4451 1593 4517 p
1637 4426 1858 4518 proficiscun-

270 4558 349 4644 tur,
418 4555 574 4643 accipere
620 4556 747 4644 poterit
800 4557 1050 4627 incrementum
1096 4577 1116 4626 a
1162 4554 1391 4627 variabilitate
1438 4555 1546 4643 ipsius
1592 4559 1606 4622 t
1652 4553 1858 4642 oriundum,

271 4705 360 4795 quod
388 4705 449 4775 tali
477 4705 623 4778 formula
650 4700 686 4785 dt
711 4673 784 4832 (Ξ)
811 4714 863 4778 est
894 4706 1233 4799 repraesentandum.
