4230 5670
637 566 640 572 -
764 626 767 631 Ι
818 527 1065 602 Auernum
1090 527 1201 603 von.
1231 530 1292 602 111.
1772 534 1847 605 eor

264 744 329 817 iste
382 741 480 815 valor
533 763 556 814 a
607 741 835 834 praecedente
888 743 934 814 sit
986 741 1264 835 discrepaturae:
1319 743 1460 818 evidens
1511 744 1601 817 enim
1655 749 1730 837 est,
1783 744 1849 817 hou

263 867 447 940 discrimen
507 866 676 959 praebere
737 867 848 959 ipsam
899 867 1125 941 variationem
1179 868 1408 966 quantitatis.
1436 867 1501 963 W,
1588 889 1690 959 quam
1744 888 1850 960 supra

115 1065 124 1073 ,.
262 1014 328 1084 ope
355 992 480 1066 calculi
507 991 735 1095 vmiatipnum
763 991 991 1065 exhibuimus.

312 1275 314 1279 ’
449 1257 481 1351 5.
531 1262 591 1333 34.
662 1256 738 1349 Quo
783 1258 869 1332 haec
922 1257 1034 1330 adhuc
1088 1258 1236 1331 clariora
1280 1258 1447 1351 evadant,
1503 1260 1697 1352 exemplum
1742 1262 1850 1352 qnod-

127 1424 130 1428 ·
263 1382 357 1474 piam
411 1381 645 1474 proferamus,
700 1403 768 1474 quo
821 1380 998 1473 proposita
1051 1403 1155 1455 curva
1208 1383 1281 1457 AM
1336 1384 1478 1477 ejusque
1531 1403 1595 1456 axe
1648 1384 1719 1456 AX
1773 1390 1850 1456 tan-

72 1578 75 1583 .
231 1529 367 1603 fqnam
421 1508 578 1581 verticuli
624 1507 860 1597 considerato,
919 1507 1100 1599 quaeritur
1143 1506 1278 1600 tempus
1331 1531 1398 1600 qno
1451 1529 1574 1601 corpus
1627 1530 1669 1581 ex
1722 1517 1851 1600 puncto

162 1640 170 1647 ’
264 1633 298 1704 Α
352 1653 457 1724 super
509 1632 575 1704 hac
629 1651 736 1705 curva
789 1630 872 1704 AM
927 1631 1136 1705 descendens
1189 1653 1297 1724 nsque
1358 1635 1404 1708 ad
1455 1639 1623 1726 punctum
1676 1634 1716 1706 M
1769 1655 1852 1726 per·

267 1773 381 1867 tingit.
462 1773 542 1848 dam
596 1773 676 1865 quia
729 1772 885 1846 celeritas
938 1772 1094 1865 corporis
1148 1773 1184 1845 in
1229 1774 1268 1848 M
1313 1780 1366 1848 est
1410 1780 1450 1847 ut
1487 1759 1534 1880 pl
1559 1775 1621 1848 ΑΡ
1651 1806 1697 1839 =
1732 1761 1781 1882 pl
1806 1798 1852 1870 a,

264 1939 301 2007 et
366 1931 478 2026 ipsn‘m
546 1954 674 2008 curvae
741 1934 947 2007 elementum
1016 1964 1064 1996 =
1094 1926 1140 2012 oa
1171 1919 1218 2039 pl
1245 1935 1279 2028 (1
1311 1957 1361 2004 -r-
1383 1934 1479 2028 pp)‚-
1548 1937 1679 2027 posito
1723 1935 1853 2010 scilicet

264 2069 386 2171 697-
408 2069 485 2168 lida
547 2077 600 2148 nti
662 2076 699 2147 in
760 2075 929 2149 solutione
990 2076 1144 2167 generali
1205 2082 1259 2150 est
1320 2082 1563 2170 praeceptum,
1644 2079 1712 2150 erit
1763 2083 1851 2172 tem-
1891 2084 1894 2089 ’
2047 2094 2050 2101 ·

262 2285 328 2357 pus
389 2282 453 2355 per
515 2263 723 2335 elementum
784 2261 860 2335 Mne
889 2290 935 2324 =
965 2253 1020 2339 oa.
1036 2193 1234 2406 Ψ,
1314 2263 1405 2336 unde
1462 2262 1612 2337 formula
1673 2264 1854 2357 integralis

226 2470 230 2477 Ι
259 2502 381 2617 [Zela
443 2530 508 2602 pro
570 2508 636 2583 hoc
699 2529 781 2583 casu
843 2509 917 2582 abit
979 2508 1015 2580 in
1073 2459 1166 2614 ida
1191 2441 1391 2655 Ψ),
1472 2512 1523 2584 ita
1584 2518 1625 2585 nt
1685 2511 1854 2585 habeatur
1992 2560 1995 2566 ·

263 2763 365 2836 Z:
395 2691 593 2903 Ψ,
675 2780 783 2851 quare
828 2779 918 2834 nunc
972 2766 1108 2852 tempus
1161 2760 1229 2832 erit
1282 2758 1532 2852 definiendum,
1613 2781 1681 2853 qno
1724 2782 1851 2854 corpus

265 2969 371 3041 super
423 2968 530 3021 curva
581 2967 786 3039 quacunque
838 2947 997 3038 proxima
1050 2969 1100 3039 un
1153 2946 1360 3020 descendens
1414 2946 1459 3021 ab
1508 2971 1534 3018 c
1577 2967 1684 3039 usque
1737 2950 1781 3022 ad
1826 2975 1853 3046 μ

263 3072 461 3169 perveniet,
543 3072 605 3145 ubi
658 3072 841 3145 discrimen
879 3071 994 3144 'dabit
1049 3073 1159 3165 ipsam
1230 3073 1453 3146 variationem
1524 3071 1692 3148 formulae
1760 3065 1855 3179 Joa

264 3191 458 3402 Ψ,
506 3261 586 3336 huic
614 3261 709 3336 casui
735 3261 1005 3335 convenientem.

453 3536 485 3631 5.
526 3539 587 3612 35.
671 3534 838 3626 Quoniam
891 3534 949 3606 hic
1002 3530 1151 3607 formula
1203 3534 1385 3626 integralis
1439 3535 1684 3611 considemnda
1736 3537 1853 3632 venit,

265 3667 347 3739 ante
400 3663 514 3736 omnia
576 3659 824 3753 dispiciendum
877 3665 950 3753 est,
1031 3658 1200 3751 quomodo
1253 3680 1330 3732 eam
1393 3661 1617 3734 determinari
1681 3666 1851 3753 oporteat.
1946 3692 1948 3696 ·

1634 3777 1854 3871 culsne-pp)

1707 3903 1776 3989 ple

265 4036 436 4130 integrale
488 4037 539 4110 ita
590 4036 667 4128 capi
713 4035 870 4130 debere„
915 4040 964 4143 ut
1000 4039 1182 4108 evanescat
1226 4034 1340 4128 posito
1383 4054 1408 4106 a
1436 4064 1483 4097 =
1514 4038 1560 4126 0,
1614 4034 1704 4108 nude
1749 4034 1853 4108 etiam

264 4164 302 4234 in
363 4182 490 4253 genere
553 4161 783 4255 intelligitur,
865 4182 1000 4253 semper
1061 4180 1127 4252 pro
1189 4159 1419 4251 integratione
1482 4157 1650 4232 formulae
1707 4149 1852 4264 Jzoc,

265 4291 399 4360 certum
461 4288 611 4380 aliquem
673 4289 859 4361 terminum
913 4286 1024 4359 veluti
1076 4289 1243 4376 punctum
1295 4284 1348 4377 A,
1429 4286 1607 4376 tanquam
1643 4286 1852 4377 principium

265 4413 507 4503 integrationis
561 4414 690 4504 statui,
767 4420 872 4503 atque
925 4409 1094 4502 integrale
1152 4400 1274 4515 JZdo
1335 4428 1540 4482 evanescere
1602 4408 1729 4499 debere
1790 4431 1852 4501 po-

267 4537 334 4609 sito
378 4558 478 4608 u=
509 4541 553 4630 0,
618 4538 674 4610 vel
719 4537 749 4610 si
794 4535 884 4610 forte
938 4536 1219 4608 circumstantiae
1272 4533 1375 4606 aliter
1427 4531 1559 4605 fuerint
1612 4537 1852 4625 comparatae,

267 4660 454 4734 tribuendo
484 4661 571 4752 ipsi
614 4683 638 4734 c
681 4662 832 4734 valorem
887 4661 1080 4751 qnempiam
1125 4659 1263 4752 datum,
1319 4657 1440 4730 deinde
1485 4677 1568 4730 vero
1620 4657 1718 4731 initio
1772 4678 1853 4732 con-

268 4785 412 4881 stituto,
484 4787 581 4860 valor
627 4785 793 4861 formulae
835 4775 960 4889 izos
989 4815 1036 4848 =
1065 4783 1108 4857 W
1159 4782 1330 4857 abscissae
1380 4781 1443 4855 AP
1472 4811 1520 4844 =
1548 4803 1573 4855 a
1620 4772 1893 4876 respondebit‘

265 3850 306 3924 In
368 3850 526 3942 exemplo
583 3847 723 3940 quidem
776 3845 904 3939 muto,
982 3843 1201 3920 manifestum
1254 3851 1308 3919 est
1369 3843 1536 3919 formulae
1585 3836 1610 3951 J
