4230 5670
230 502 317 576 194
740 485 1159 570 SUPPLEMENTUM
1190 486 1257 563 IV.

227 720 340 795 etiam
373 719 548 815 utrinque
585 731 686 816 tang.
723 741 751 790 n
786 703 829 817 Φ
862 712 1094 814 imaginatus
1128 711 1357 811 inquinatur,
1389 713 1491 787 unde
1524 710 1639 788 etiam
1673 709 1711 787 in
1735 734 1804 784 va·

226 868 326 941 iores
359 867 398 939 X
433 877 470 939 et
504 866 537 936 Y
572 864 797 964 imaginaria
830 862 1110 961 ingredientur3
1143 863 1393 959 quamobrem
1425 861 1598 937 reductio
1632 843 1683 935 ad
1716 885 1805 936 rea·

224 1013 370 1087 litatem
408 1014 632 1110 plerumque
666 1011 870 1085 maximum
904 1010 1076 1084 laborem
1111 1011 1263 1109 exigere
1298 1008 1459 1108 poterit,
1498 1032 1644 1108 proque
1678 1019 1804 1083 autem

224 1159 381 1261 negotio
414 1174 626 1260 praecepta
660 1158 881 1235 necessaria
907 1160 989 1260 jam
1021 1158 1113 1234 satis
1148 1172 1237 1238 sunt
1268 1158 1432 1258 cognita.

230 1603 277 1722 2)
341 1611 610 1687 Theorema
642 1609 853 1693 maxime
894 1606 1217 1719 memorabile
1255 1604 1396 1683 circa
1435 1605 1692 1680 formulam
1734 1605 1805 1678 in·

342 1833 583 1935 tegratem
609 1764 721 1992 sm
748 1743 1165 1994 ψαέξῗῗῐῖἒ
1190 1870 1398 1998 (mm.
1435 1825 1547 1904 Mo.
1564 1826 1807 1900 Academiae

346 2078 477 2153 exhib.
514 2078 575 2151 dic
616 2085 684 2152 13.
718 2077 890 2169 Anqurti
931 2081 1013 2154 177
1024 2085 1062 2150 8.

439 2278 469 2386 ξ.
508 2289 580 2357 21.
658 2273 768 2352 Haec
805 2275 965 2350 formula
995 2275 1113 2349 'aliam
1137 2272 1419 2351 restrictionem
1443 2299 1522 2351 non
1547 2278 1714 2377 postulat
1738 2281 1810 2353 nisi

228 2430 339 2543 quod(
364 2427 489 2503 littera
523 2429 551 2504 λ
586 2438 947 2501 ηυωεῐοεῑαηῑυω
980 2423 1152 2523 integros
1186 2422 1363 2524 designat
1394 2423 1696 2523 sive-positivos
1730 2428 1809 2503 sire

228 2575 442 2676 negativos.
511 2574 679 2650 Evidene
713 2560 840 2648 autern
874 2582 933 2647 est
964 2570 1116 2648 ratores
1151 2571 1352 2672 negativos
1392 2596 1473 2651 non
1521 2562 1752 2674 discrepare
1789 2603 1812 2650 a

228 2728 414 2830 positivis,
448 2725 534 2804 cum
567 2753 722 2827 semper
755 2727 804 2804 sit
836 2749 918 2803 cos.
959 2712 1413 2832 -chos-t-sp.
1487 2731 1576 2807 Hoc
1609 2742 1742 2807 notato
1779 2735 1810 2804 si

228 2875 335 2952 istius
370 2878 555 2952 formulae
597 2876 783 2978 integrale
832 2901 855 2951 a
891 2873 1054 2951 termino
1104 2862 1290 2976 ΦΞΟ
1341 2900 1460 2976 usque
1511 2881 1559 2955 ad
1609 2881 1811 2956 terminum

229 3007 273 3121 Φ
290 3045 352 3102 Ξ
377 3011 486 3100 180⁰
519 3025 600 3102 sive·
632 3012 675 3128 Φ
692 3001 755 3103 :fi
770 3052 803 3108 π
835 3021 1069 3125 porrigatur,
1103 3023 1184 3124 ejus
1216 3022 1328 3101 valor
1353 3047 1507 3124 semper
1532 3030 1701 3126 sequenti
1737 3032 1810 3102 sor·

231 3244 333 3319 mula
366 3246 602 3348 exprimetur
634 3194 998 3320 -α-Ῐ-ῐ-ίΞ--ὴ
1021 3246 1068 3339 tt,
1099 3244 1283 3325 existente

638 3325 747 3409 (1-
763 3344 791 3394 a
802 3306 968 3408 afleti-1

237 4053 307 4130 Ubi
342 4054 531 4129 formulae
566 4054 749 4130 uncinulis
779 4053 949 4133 inclusae
984 4082 1061 4135 non
1095 4060 1319 4157 fractiones,
1359 4066 1430 4142 sed
1471 4088 1539 4142 eos
1572 4069 1817 4144 characteres

140 4242 146 4279 t
235 4208 458 4309 designant,
493 4207 628 4306 quibus
660 4211 796 4287 unciae
829 4202 1066 4310 potestatum
1099 4208 1263 4296 Binomii
1295 4217 1487 4320 designari
1524 4221 1657 4314 solent,
1693 4224 1742 4298 ita
1778 4243 1817 4299 ut
