4216 5676
246 500 320 571 606
786 492 1171 570 SUPPLEMENTUM
1224 494 1286 611 XI

245 711 336 802 quod
389 710 566 801 negotium
618 708 677 781 vix
731 683 811 780 ante
856 707 1030 799 suscipere
1075 708 1177 801 licet,
1250 729 1354 800 quam
1399 729 1500 784 casus
1544 709 1700 783 nonnulli
1752 731 1840 802 par·

246 834 411 907 ticnlsres
464 834 555 906 omni
608 830 719 905 studio
764 837 801 902 et
845 830 1024 922 diligentia
1068 829 1199 904 luerint
1243 834 1394 929 evoluti,
1463 836 1547 926 quin
1600 837 1706 909 etiam
1758 836 1840 926 ipsa

246 979 326 1049 pars
380 945 519 1052 prior‚‘
570 977 659 1048 quae
711 961 847 1028 tantum
901 955 995 1029 cirea
1047 954 1238 1030 functiones
1291 959 1392 1032 nnius
1444 959 1622 1055 vadabilis
1674 965 1843 1035 versatur

246 1083 446 1174 neutiquam
501 1082 620 1154 adhuc
661 1082 745 1154 satis
791 1080 884 1153 clare
929 1085 966 1152 et
1010 1081 1181 1154 destincte
1225 1086 1278 1156 est
1322 1085 1526 1179 enucleata,
1579 1086 1631 1158 ita
1673 1091 1714 1158 ut
1757 1106 1844 1177 per-

247 1209 363 1300 spicue
416 1206 691 1299 intelligeremus
744 1226 862 1279 veram
916 1206 1066 1278 indolem
1119 1212 1223 1298 atque
1252 1214 1436 1281 naturam
1490 1210 1699 1301 singularem
1752 1231 1840 1302 par·

249 1333 354 1424 tium,
419 1332 546 1423 quibus
591 1332 814 1405 variationem
859 1331 1027 1404 contineri
1071 1331 1282 1425 invenimuS,
1338 1355 1441 1426 quem
1485 1335 1521 1406 in
1565 1333 1668 1408 finem
1712 1334 1839 1408 diluci-

247 1457 402 1529 dationes
429 1460 610 1547 sequentes
636 1457 694 1529 hic
720 1455 908 1548 adjungere
934 1456 1046 1528 risum
1074 1461 1137 1527 est.

411 1846 804 1920 Dilucidationes
850 1866 991 1938 super
1034 1846 1224 1919 theoria
1267 1848 1583 1921 variatiouum
1629 1850 1682 1923 ad

564 2007 837 2082 functiones
881 2007 1045 2081 saltem
1092 2007 1229 2080 unius
1274 2008 1532 2082 variabilis

870 2168 1226 2243 accommodata.

437 2437 468 2530 §-
527 2440 587 2509 32.
672 2433 898 2525 Quaestiones
953 2455 1042 2526 quae
1096 2435 1153 2507 hic
1207 2438 1393 2507 occurrunt
1445 2435 1490 2507 ad
1542 2435 1607 2508 hoc
1664 2435 1848 2526 problema

231 2561 414 2653 'generale
440 2580 605 2633 revocare
631 2560 725 2633 lieet.

438 2844 478 2919 sa·
530 2869 554 2937 p
605 2841 713 2932 fucrit
766 2838 897 2932 functio
950 2862 1166 2934 quaecunque
1218 2842 1329 2932 astos
1382 2864 1426 2936 a,
1502 2841 1647 2936 indeque
1698 2842 1846 2934 definia-

254 2978 312 3043 tur
373 2971 471 3042 calor
532 2969 724 3060 cujuspiam
785 2967 954 3058 formulae
1016 2968 1191 3058 integralis
1259 2967 1361 3039 datae
1426 2958 1585 3071 [de
1666 2970 1846 3043 denotante

255 3097 283 3166 Z
337 3096 585 3186 expressionem
637 3115 680 3165 ec
732 3093 817 3182 ipsis
870 3091 1111 3183 quantitatibus
1159 3115 1183 3164 a
1236 3098 1266 3163 et
1318 3117 1341 3184 p
1394 3115 1577 3185 cornumque
1629 3091 1845 3183 differentio-

256 3221 340 3292 lc'am
404 3219 593 3292 rationibus
647 3225 814 3308 atcunque
867 3218 1105 3310 respondam,
1188 3217 1338 3309 qaocstc'o
1391 3224 1459 3307 est,
1540 3219 1572 3289 sc'
1624 3218 1693 3290 loco
1746 3218 1844 3290 illius

256 3342 440 3433 sanctionis
492 3369 515 3435 p
569 3343 642 3415 alta
695 3364 912 3434 quaecunque
975 3342 1028 3414 ida·
1076 3343 1238 3433 proximo
1292 3363 1351 3414 sca
1404 3341 1536 3432 infinite
1585 3366 1713 3434 parum
1765 3350 1848 3415 taa-

257 3475 329 3540 tum
382 3467 423 3539 ad
477 3491 517 3539 co
570 3469 770 3559 discrepans
824 3464 1043 3558 adhibeatur,
1126 3472 1249 3559 quanto
1303 3466 1467 3554 mojorem
1522 3468 1725 3540 minoremve
1784 3491 1846 3539 uo-

258 3595 383 3688 torem,
428 3598 500 3665 tam
528 3593 646 3665 codem
673 3592 823 3683 formula
850 3591 1025 3684 inteprclis
1047 3582 1071 3696 J
1095 3586 1176 3681 Zdn
1196 3592 1242 3663 sc't
1268 3599 1498 3665 censendam.

446 3880 478 3971 ᾗ.
537 3882 597 3951 33.
679 3879 727 3950 At
781 3879 863 3969 quia
916 3879 981 3950 hoc
1043 3878 1142 3950 modo
1204 3878 1271 3949 ista
1335 3879 1488 3967 quaestio
1552 3879 1733 3949 enunciata
1794 3879 1848 3948 ni·

262 4006 327 4077 mis
380 4005 487 4076 videri
541 4009 658 4094 posset
710 4002 902 4094 abstracta,
972 4024 1047 4074 eam
1101 4023 1194 4075 more
1247 4002 1359 4073 soluto
1414 4002 1456 4072 ad
1511 4003 1735 4091 geometriam
1788 4023 1846 4074 re-

263 4151 432 4203 vocemus.
514 4128 566 4201 Sit
629 4129 737 4220 igitur
800 4148 902 4218 super
965 4149 1028 4199 ane
1092 4128 1156 4199 ΑΡ
1218 4128 1394 4218 proposita
1456 4148 1563 4198 curva
1624 4145 1848 4217 quaeeunque

262 4256 354 4346 AM,
418 4255 621 4345 aequatione
674 4255 764 4325 inter
818 4254 1003 4326 abscissam
1057 4253 1118 4323 ΑΡ
1150 4274 1249 4322 :a
1304 4259 1338 4322 et
1392 4252 1597 4342 applicatam
1651 4249 1721 4322 PM
1749 4273 1849 4340 :y

263 4401 444 4471 expressa,
497 4400 561 4469 pro
606 4390 674 4468 qua
719 4376 852 4449 definiri
907 4382 1066 4467 oporteat
1119 4378 1270 4446 valorem
1324 4373 1494 4446 formulae
1548 4373 1740 4466 cujuspiam
1794 4376 1848 4445 in-

263 4504 406 4594 tegralis
448 4493 591 4604 Uda,
664 4504 723 4593 qui
767 4503 889 4574 sit:
919 4501 983 4593 W,
1057 4521 1123 4590 quo
1168 4502 1280 4590 posito
1332 4500 1566 4570 consideretur
1621 4500 1688 4569 alia
1742 4519 1851 4570 curua

264 4648 485 4719 quaecunque
540 4653 590 4719 ap
643 4627 775 4698 infinite
828 4647 951 4716 parum
1005 4648 1026 4696 a
1079 4626 1160 4695 data
1209 4624 1425 4715 discrepans,
1498 4645 1540 4696 ac
1583 4624 1613 4694 si
1665 4643 1729 4712 pro
1782 4623 1849 4695 hac

263 4772 370 4823 curva
422 4753 540 4824 itidem
595 4751 779 4823 definiatur
833 4750 929 4822 valor
983 4748 1150 4821 formulae
1200 4738 1341 4849 Jde
1409 4748 1608 4841 quaeritur,
1681 4751 1849 4838 qnantum
