4230 5670
720 499 777 578 IN
809 498 932 579 FINE
967 498 1106 579 SECT.
1142 499 1175 578 1.
1210 498 1337 578 TOM.
1372 501 1404 578 Ι.
1768 508 1852 580 429

464 694 492 800 ξ.
530 704 601 770 22.
671 693 739 770 His
772 695 821 770 de
854 692 1152 795 integrationum
1192 686 1510 772 determinatione
1555 695 1755 794 expositis,
1797 694 1854 768 in·

269 829 398 926 signes
437 823 675 920 maximeque
714 835 851 900 notatu
892 821 1032 923 dignae
1078 821 1303 901 affectiones
1344 822 1560 924 hujusmodi
1604 823 1855 896 formularum

268 950 510 1054 integralium
546 950 827 1049 duplicatarum
861 950 1050 1048 perpendi
1088 963 1301 1042 merentur,
1344 974 1442 1048 quae
1486 951 1523 1024 in
1560 972 1691 1024 earum
1728 962 1854 1022 trans·

269 1078 497 1169 formatione
542 1089 761 1157 occurrunt.
844 1075 995 1153 Scilicet
1033 1077 1353 1177 quemadmodum
1396 1055 1647 1155 coordinatus
1682 1075 1854 1177 ejusdem

270 1232 411 1284 curvae
458 1206 610 1280 infinitis
651 1204 775 1281 modis
815 1203 913 1280 sumi
953 1218 1135 1303 possunt,
1183 1203 1237 1280 ita
1276 1204 1337 1283 hio
1379 1206 1466 1280 loco
1502 1205 1680 1280 binarum
1726 1200 1855 1277 varia·

192 1422 195 1433 k
268 1336 395 1411 billum
429 1358 461 1406 ac
494 1347 533 1409 et
563 1357 612 1430 y,
658 1332 771 1408 binae
810 1356 1061 1431 quaecunque
1102 1331 1199 1408 aliae
1232 1333 1436 1409 variabiles
1469 1331 1508 1406 in
1541 1348 1763 1430 computum
1796 1330 1854 1404 in·

270 1459 420 1542 troduei
453 1472 631 1559 possunt,
675 1460 756 1537 sive
789 1445 860 1532 eae
892 1459 1040 1557 pariter
1072 1461 1147 1537 sint
1179 1459 1453 1550 coordinatae,
1487 1458 1568 1535 sive
1605 1457 1703 1533 aliae
1735 1481 1855 1554 quan-

269 1591 397 1665 titates
448 1611 644 1684 utcunque
678 1584 880 1662 definitae.
965 1585 1026 1661 Ita
1071 1584 1157 1662 talis
1203 1586 1493 1662 transformatio
1540 1587 1578 1661 in
1618 1607 1761 1688 genere
1801 1586 1855 1658 ita

270 1716 421 1817 concipi
454 1727 610 1817 potest„
638 1729 681 1789 ut
713 1714 801 1790 loco
833 1740 866 1789 x
900 1725 940 1790 ct
970 1735 1000 1811 y
1032 1712 1248 1790 functiones
1282 1735 1531 1811 quaecunque
1567 1713 1727 1788 aliarum
1761 1713 1855 1787 dua·

268 1869 352 1919 rum
401 1840 637 1919 variabilium
687 1847 704 1913 t
737 1852 775 1916 et
807 1863 832 1913 v
872 1841 1168 1934 substituantur,
1223 1840 1357 1938 hisque
1398 1840 1436 1916 in
1476 1841 1742 1938 aequationem
1783 1862 1855 1940 pro

269 1969 352 2048 basi
385 1972 514 2046 datam
549 1967 795 2056 introductis,
837 1967 947 2043 simili
990 1969 1107 2045 modo
1141 1965 1276 2043 limites
1311 1969 1445 2059 harum
1478 1967 1730 2065 quantitatum
1765 1973 1781 2038 t
1814 1985 1854 2040 et
1931 1976 1933 1978 ’
1981 1984 1984 1995 “

267 2125 292 2174 ιι
334 2098 470 2195 quibus
510 2098 633 2196 figura
672 2093 777 2171 basis
817 2094 1063 2191 terminatur,
1108 2092 1256 2171 definiri
1295 2106 1489 2194 poterunt.
1554 2095 1763 2194 Utcunque
1787 2115 1854 2167 au·

268 2241 346 2302 tem
375 2226 447 2300 hae
479 2221 763 2302 substitutiones
797 2234 1009 2314 sumantur,
1044 2222 1199 2299 tandem
1222 2233 1313 2322 post
1338 2205 1529 2324 duplicem
1560 2221 1853 2327 integrationem

268 2376 421 2451 semper
457 2350 595 2426 eadem
629 2347 824 2448 quantitas
857 2352 1036 2443 resultet,
1067 2371 1228 2428 necesse
1260 2361 1332 2425 est.

460 2693 489 2803 l
528 2706 600 2773 23.
669 2695 706 2771 Si
744 2697 831 2775 loco
882 2722 916 2772 :a
958 2711 996 2775 et
1036 2722 1065 2797 y
1119 2698 1233 2776 aliae
1269 2722 1534 2808 quaecunque
1570 2699 1683 2778 binae
1738 2722 1854 2778 coor-

266 2827 419 2902 dinatae
466 2823 740 2924 orthogonales
782 2823 1076 2903 introducantur
1115 2831 1209 3014 puta
1248 2834 1266 2902 t
1298 2847 1414 2922 etv,
1463 2829 1567 2975 quod
1614 2830 1656 2904 fit
1704 2827 1742 2902 in
1786 2853 1853 2929 ge·

250 2973 358 3031 'nere
392 2952 573 3052 ponendo

264 3396 518 3474 manifestum
547 3407 626 3484 est,
670 3259 899 3495 elemenlum
947 3425 1063 3478 areae
1034 3260 1228 3496 >basin
1277 3408 1382 3503 quod
1422 3417 1510 3482 ante
1553 3419 1637 3483 erat
1678 3393 1852 3497 doedy,

264 3572 364 3623 nunc
398 3568 470 3644 per
501 3535 599 3625 διὸ
617 3569 642 3618 ιι
675 3544 898 3643 exprimitur
932 3550 1086 3628 debere.
1154 3554 1253 3628 Cum
1286 3575 1413 3631 autem
1447 3555 1534 3632 inde
1567 3555 1617 3631 sit

324 3676 326 3680 ’
461 3662 1023 3803 ὸωειηόὶ-Ι-ᾟὸυι]
980 3705 1247 3792 (-mm)
1229 3708 1320 3792 )·et

459 3834 607 3938 dy:
625 3827 877 3949 bist-t
827 3870 1000 3921 -mm
1003 3848 1264 3945 )-ηιὸυ,

265 3994 418 4069 minime
460 4001 588 4090 patet,
635 3992 827 4088 quomodo
874 3993 959 4072 loco
993 3988 1067 4079 dx
1070 3998 1156 4099 hy
1196 4024 1267 4101 per
1308 4003 1378 4080 has
1426 4000 1713 4082 substitutiones
1757 3998 1848 4076 oriri

266 4140 387 4239 possit
420 4130 583 4230 ὸίὸυς
633 4139 722 4216 dum
756 4139 885 4268 potius
918 4119 1090 4246 prodiret

457 4264 1159 4418 ὸωὸρῑιηὸήίΟ-ηιιιὴ-ι-
1167 4326 1211 4410 (1
1235 4315 1583 4417 -’2ιιιιη)δ1ὸυ

912 4453 1432 4586 -ιιιὸυὙα-ιηιιι),
1556 4476 1562 4485 ’

225 4604 226 4610 ¹
262 4647 363 4723 quae
413 4636 540 4702 autem
588 4626 773 4725 formula,
823 4646 1014 4735 uteunque
1056 4639 1106 4715 ad
1155 4625 1350 4743 geminam
1374 4636 1686 4748 'integrationem
1728 4639 1849 4739 adap-
