4230 5670
524 1310 1445 1424 SUPPLEMENTUM
1516 1310 1580 1422 X.

588 1560 591 1570 t
767 1538 838 1612 sn
863 1539 991 1614 saon
1021 1540 1076 1614 11.
1135 1539 1247 1613 rona
1277 1540 1331 1613 rr.

1019 1747 1088 1802 DE

291 1927 704 2003 RESOLUTIONE
759 1927 1193 2019 AEQUATIONUM
1246 1917 1821 2011 DIFFEREN'I'IALIUM

317 2069 535 2144 ·TERTII
589 2068 982 2161 ALIORUMQUE
1038 2072 1348 2163 GRADUUM,
1406 2070 1560 2162 QUAE
1615 2070 1767 2145 DUAS

516 2210 760 2286 TANTUM
815 2213 1181 2289 VARIABILES
1235 2212 1591 2290 INVOLVUNT.

259 2597 324 2736 l.)
379 2596 449 2708 Do
486 2595 867 2734 aequationibus
894 2597 1312 2714 differentialibns
1356 2599 1697 2736 arrjnsaonouo
1732 2633 1853 2737 gra-

437 2775 557 2911 ius,
597 2806 723 2911 onae
759 2773 920 2888 donno
956 2776 1320 2890 differentiatae
1346 2776 1597 2914 integrari
1622 2782 1850 2913 possunt.

438 2966 506 3066 M.
537 2964 589 3066 S.
632 2964 909 3068 Academiae
944 2970 1099 3070 eahta
1137 2968 1209 3070 dio
1244 2952 1276 3067 8
1316 2965 1528 3070 Octobris
1564 2948 1699 3068 1781.
1799 2952 1804 2961 ’

448 3319 478 3411 5.
512 3324 545 3390 1.
617 3318 694 3390 Sint
745 3340 770 3390 a
823 3327 858 3392 et
910 3344 934 3412 p
987 3321 1088 3393 binae
1141 3321 1346 3413 variabiles,
1429 3322 1520 3392 inter
1573 3340 1656 3410 quas
1709 3339 1852 3390 earum·

264 3464 330 3534 que
393 3440 634 3515 differentialis
696 3443 930 3536 cujuscunque
991 3445 1120 3536 gradus
1186 3447 1407 3537 aequationes
1472 3444 1669 3537 propositae
1733 3443 1852 3515 subsi-

263 3574 366 3640 stant.
423 3567 490 3639 Ad·
505 3565 650 3640 formam
678 3565 958 3642 differentialinrn
985 3570 1170 3643 tollendam
1197 3578 1344 3661 ponatur
1371 3589 1466 3642 more
1493 3569 1595 3641 solito

475 3757 700 3855 θνΞΡόῶ,
747 3758 966 3858 θρεᾳόπ,
1012 3758 1227 3857 domas,
1274 3759 1486 3855 or=soe‚
1532 3769 1598 3838 eta.

264 3961 313 4031 ita
340 3966 399 4051 ut,
445 3965 560 4032 sumto
587 3960 757 4032 elemento
783 3952 830 4038 aa
856 3966 1054 4052 constante,
1100 3961 1146 4032 sit

265 4399 343 4472 Sint
387 4423 489 4492 porro
533 4405 562 4476 P
607 4412 642 4477 et
682 4404 718 4495 sp
763 4403 956 4478 functiones
1000 4426 1222 4497 quaecunque
1266 4406 1372 4498 ipsius
1409 4426 1457 4494 p3
1512 4401 1543 4492 Q
1587 4408 1624 4474 et
1665 4402 1704 4475 ὓ
1749 4399 1851 4475 inno-

265 4525 376 4597 tiones
430 4548 651 4620 quaecnnqne
705 4531 813 4620 ipsius
858 4553 898 4622 q3
952 4531 985 4602 R
1030 4538 1065 4603 et
1113 4531 1147 4605 ot
1197 4531 1303 4622 ipsius
1346 4552 1387 4618 r;
1441 4527 1465 4600 S
1509 4533 1544 4600 et
1598 4524 1635 4601 Θ
1678 4527 1787 4616 ipsius
1834 4549 1853 4599 s

263 4654 330 4722 etc.
386 4670 473 4741 qnae
526 4651 719 4726 functiones
772 4676 839 4726 non
892 4656 1001 4728 solnm
1056 4676 1131 4727 esse
1185 4660 1326 4747 possunt
1370 4652 1576 4744 rationales,
1633 4649 1693 4722 sed
1738 4652 1850 4725 etiam

263 4773 499 4868 irrationales,
545 4785 649 4870 atque
676 4779 760 4851 adeo
787 4780 1078 4854 transcendentes.
